2372 3550
97 332 255 368 Hispania,
276 332 433 362 Lusitania

580 334 753 371 Germania,
774 335 914 372 Belgium

1096 339 1219 375 lingua,
1239 339 1367 369 polonia

1646 339 1806 369 Missiones
1826 340 1943 369 exterae

27 590 103 622 1571
140 592 252 628 Bor-gia
289 601 359 622 cum
397 591 486 623 Card.

43 634 253 666 Alexandrino
291 635 323 666 in
372 635 488 675 Hispa-

43 679 129 710 mam
147 679 294 717 mittitur,
316 683 352 710 ut
370 679 487 721 Philip-

43 732 118 763 pum
138 722 179 754 ΙΙ.
200 723 240 754 ad
258 723 359 755 foedus
378 728 488 755 contra

44 767 158 798 Turcos
179 772 320 799 moveret
340 773 368 798 et
384 779 424 798 res
436 771 489 798 Me-

40 810 203 837 diolanenses
230 813 257 837 et
281 811 382 838 Siculas
400 811 489 838 discri-

41 846 120 872 minis
143 846 233 881 plenas
260 849 436 881 componeret.
451 847 486 873 U-

38 884 161 916 trumque
172 882 283 909 feliciter
296 883 408 917 perficit.

20 1050 96 1082 1571
112 1050 149 1082 In
162 1061 268 1092 pugna
280 1052 386 1083 navali
400 1052 483 1093 apud

38 1095 233 1135 Naupactum
244 1096 395 1127 assistunt
405 1096 484 1127 mili-

40 1139 124 1171 tibus
141 1140 160 1170 4
176 1139 285 1171 Patres
303 1144 335 1172 et
351 1141 369 1171 4
386 1141 484 1172 Coad-

40 1184 167 1224 jutores.

21 1361 98 1392 1572
116 1362 147 1393 C.
166 1361 357 1393 Matritensis
375 1361 486 1394 scholae

41 1409 151 1446 coeptae
182 1415 243 1437 non
273 1406 338 1437 sine
367 1417 484 1448 pugna;

42 1449 154 1491 Borqia
175 1450 208 1481 in
227 1450 399 1483 Lusitania.

21 1627 98 1659 1572
133 1627 382 1669 Villaqarez'ensis
408 1630 485 1666 pr.

41 1674 74 1703 et
111 1673 153 1710 0.,
193 1682 261 1713 quae
298 1676 408 1713 postea
446 1673 485 1704 ab

40 1715 153 1757 insigni
186 1716 393 1748 benefactrice
422 1717 485 1748 Do-

41 1760 127 1791 mina
140 1760 326 1802 Magdalena
341 1761 378 1793 de
395 1761 486 1793 Ulloa

41 1803 131 1845 plene
149 1804 282 1836 fundata
300 1805 435 1838 fuerunt.

24 1981 60 2012 In
92 1981 250 2022 Hispania
281 1995 383 2022 semper
404 1988 486 2022 magis

42 2025 207 2052 dilatabatur
229 2025 355 2059 Societas,
379 2029 409 2054 at
431 2028 486 2062 jam

39 2061 206 2095 apparebant
222 2063 371 2096 praenuntia
387 2064 485 2098 procel-

39 2096 125 2123 larum
144 2097 307 2125 interiorum.
347 2099 485 2133 Inaequali-

42 2133 84 2158 tas
96 2133 233 2167 graduum,
246 2134 340 2160 modus
351 2134 485 2161 electionis

40 2169 68 2193 et
76 2170 194 2202 potestas
207 2169 340 2196 Generalis
350 2178 485 2205 oppugna-

39 2203 139 2230 bantur
162 2204 250 2231 libello
275 2205 322 2240 qui
346 2206 486 2233 dicebatur

39 2238 148 2266 Jesuitae
164 2240 233 2266 male
249 2241 375 2268 contenti.
409 2242 484 2268 Alius

40 2274 57 2300 J
59 2274 145 2301 esuita
152 2275 208 2309 jam
217 2278 282 2303 tunc
291 2277 426 2311 proprium
435 2286 483 2312 pro

40 2309 170 2344 Hispania
204 2312 359 2346 postulabat
393 2315 482 2348 caput.

41 2344 218 2373 Ribadeneira
238 2348 366 2374 mandato
384 2348 484 2375 Mercu-

39 2380 107 2407 riani
123 2382 227 2416 scripsit
242 2383 438 2411 refutationem.

21 2638 98 2670 1573
121 2639 228 2671 Simon
254 2640 428 2683 Rodriguez
452 2642 483 2673 in

40 2682 234 2716 Lusitaniam
256 2685 346 2717 redit.

21 2894 99 2926 1575
138 2895 316 2929 Tarraconae
351 2899 428 2935 pr.
466 2908 485 2930 a

39 2938 201 3016 gffiduilnale
222 2940 375 2974 Cervante
395 2942 484 2974 insti-

237 3117 282 3150 62·

518 503 595 535 1569
606 504 707 536 Adam
720 505 835 545 Heller,
850 507 970 548 Regens

536 549 587 580 CV.
616 548 789 590 Pragensis,
813 555 967 592 apostata.

536 592 658 624 Canisio
708 594 892 633 mandatur,
933 600 970 627 ut
1000 597 1077 627 1570
1118 596 1302 629 Elisabetha
1343 598 1454 638 spretis

537 636 679 669 confutet

751 638 970 671 centuriatores
1018 641 1048 672 N
1051 641 1147 672 untiis
1180 641 1367 682 apostolicis,
1401 652 1456 683 per

536 680 805 722 Maqdeburyenses
839 683 919 724 (Vol.
945 684 967 716 I.
1019 685 1136 716 bullam
1166 685 1330 717 Pontiiiois
1362 696 1454 727 regno

535 725 649 767 Diling.
662 726 749 765 1571,
760 727 850 768 Prag.
863 728 968 769 1583);

535 769 617 800 idem
634 770 796 812 Herbipoli
812 772 889 803 1568
904 772 969 813 jam

535 814 648 845 refellit
671 824 827 847 rumorem
852 816 890 848 de
915 826 971 848 sua

535 857 632 898 ipsius
667 860 834 899 apostasia.
868 879 907 882 —

514 903 545 935 C.
568 902 708 935 Halense.

515 991 591 1021 1570
622 991 759 1023 Societas
788 992 906 1026 Groecz'i.
931 1012 969 1015 —

532 1034 709 1076 Stephanus
718 1036 859 1078 Bathory
876 1042 969 1069 vocat

531 1079 720 1111 Societatem
753 1080 785 1112 in
821 1081 968 1122 Transyl-

532 1123 664 1162 naniam,
677 1128 709 1155 et
718 1125 861 1167 princeps
873 1126 970 1158 abbas

535 1167 698 1199 Fuldensz's
732 1169 764 1200 in
800 1180 888 1202 suam
923 1171 968 1202 di-

534 1211 660 1244 tionem.
704 1216 918 1245 Protestantibus
941 1219 969 1245 in

536 1258 669 1282 conventu
681 1256 829 1291 principum
842 1258 971 1293 expulsio-

535 1299 595 1317 nem
619 1292 783 1318 Jesuitarum
810 1294 968 1327 postulanti-

536 1326 584 1353 bus
596 1327 792 1354 Maximilianus
807 1329 842 1356 II.
862 1337 969 1364 respon-

536 1362 590 1393 det,
603 1370 630 1388 se
641 1363 736 1389 debere
746 1364 843 1390 Turcos
858 1368 971 1399 proster-

534 1405 603 1429 nere,
621 1406 675 1424 non
691 1400 820 1433 expellere
837 1401 961 1427 Jesuitas.

515 1745 590 1776 1571
625 1745 764 1778 Canisius
808 1746 970 1788 OEniponti

533 1789 722 1822 Ferdinandi
738 1790 778 1822 Π.
795 1792 968 1824 archiducis

534 1834 735 1867 concionator
755 1835 882 1868 aulicus.

1018 729 1138 770 Angliae
1158 730 1310 770 privatur.

998 994 1205 1027 1570—1575.
1241 997 1272 1027 c.
1309 995 1452 1027 Vilnense

1016 1039 1049 1069 in
1078 1039 1257 1072 Lithuania.
1288 1058 1327 1062 ἡ
1355 1040 1450 1071 Primi

1017 1082 1147 1115 Jesuitae
1169 1084 1286 1116 mortui
1308 1084 1341 1115 in
1365 1084 1452 1116 obse-

1018 1127 1090 1168 quio
1114 1132 1201 1169 peste
1224 1128 1422 1160 infectorum.

999 1393 1074 1424 1571
1100 1395 1209 1426 Franc.
1233 1396 1357 1425 Toletus
1381 1394 1451 1426 Car—

1017 1437 1115 1469 dinali
1142 1438 1374 1470 Commendono
1403 1448 1452 1470 co-

1018 1491 1083 1513 mes
1103 1482 1272 1524 adjunctus
1292 1483 1332 1515 ad
1351 1493 1452 1525 regem

1020 1526 1166 1565 Polom'oe,
1202 1531 1240 1558 ut
1274 1527 1377 1569 ipsum
1414 1527 1453 1559 ad

1018 1570 1120 1603 foedus
1131 1581 1202 1603 cum
1213 1571 1374 1604 catholicis
1385 1581 1456 1604 con-

1019 1618 1069 1646 tra
1080 1615 1194 1648 Turcos
1206 1616 1377 1648 ineundum
1389 1626 1454 1648 mo-

1019 1664 1114 1691 veret.
1165 1660 1256 1698 Quod
1279 1664 1311 1692 et
1333 1660 1452 1692 factum

1019 1708 1075 1735 est.

997 1970 1162 2002 Conversio
1185 1971 1396 2003 Chodkievicii
1420 1976 1452 2004 et

1018 2014 1274 2048 Radzivillorum.
1290 2035 1329 2038 —
1345 2016 1450 2048 Varse-

515 2056 592 2087 1573
605 2057 636 2088 C.
647 2056 807 2090 Groecense.
822 2076 861 2080 —
876 2058 967 2090 Vien-
1015 2059 1107 2091 vitius
1155 2064 1187 2092 et
1231 2060 1294 2092 Pet.
1338 2060 1451 2102 Scarqa

533 2110 581 2132 noe
598 2105 629 2132 et
647 2101 754 2142 Praqoe
770 2102 862 2134 multi
877 2103 967 2135 redu-
1016 2103 1124 2136 Vilnae.

533 2148 647 2176 cuntur
667 2145 892 2179 Protestantes.

512 2367 590 2398 1570
600 2369 751 2399 Robertus
762 2370 966 2400 Bellarminus
995 2369 1184 2411 Episcopum
1204 2371 1359 2402 Laureum
1379 2371 1448 2403 Seo-

530 2411 660 2443 Lovam'i
678 2412 833 2444 orationes
851 2413 965 2445 latinas
1014 2413 1089 2445 tiam
1101 2419 1260 2455 petentem
1276 2416 1448 2457 complures

531 2455 636 2494 habet,
650 2459 682 2487 et
692 2457 810 2498 primus
822 2458 854 2489 in
865 2458 966 2489 Socie-
1015 2459 1157 2490 comitati
1179 2463 1254 2491 sunt
1273 2459 1364 2492 Socii.

532 2500 607 2532 tatis
648 2502 695 2533 0⁰.
743 2502 956 2534 consentiente

533 2544 755 2584 Universitate,
767 2546 966 2587 Theologiam

532 2588 641 2620 docere
655 2590 759 2631 coepit,
769 2591 852 2632 quod
866 2591 884 2622 6
897 2590 969 2622 dein

533 2633 730 2666 continuavit
751 2635 849 2667 annis.

718 3121 757 3154 63

997 2635 1034 2667 In
1071 2638 1180 2669 suecia
1217 2637 1356 2669 Joannes
1388 2637 1448 2669 ΙΙΙ.

1015 2680 1209 2722 (1568-92),
1235 2691 1254 2713 a
1276 2685 1377 2714 matre
1401 2692 1450 2714 oa-

1015 2724 1132 2757 tholica
1147 2725 1295 2758 inductus
1312 2726 1353 2757 ad
1370 2730 1451 2758 trac-

1015 2768 1148 2801 tandum
1172 2769 1211 2802 de
1231 2769 1377 2812 religione
1398 2780 1451 2812 pa-

1014 2817 1102 2845 ratus
1124 2817 1181 2846 est.

1487 465 1565 496 1568
1596 467 1744 497 Melchior
1772 467 1943 502 carueritis,
1974 465 2109 498 Nicenus

1503 509 1686 551 Episcopus,
1730 510 1848 551 primus
1891 510 2034 551 Japoniae
2077 514 2109 542 et

1502 554 1648 585 Sinarum
1673 554 1790 586 Praesul
1814 554 1847 586 in
1873 554 1988 596 oppido
2013 554 2108 586 Arna-

1503 598 1628 630 ohaensi
1641 598 1674 639 (J
1677 599 1741 639 ap.)
1753 617 1791 620 —
1804 598 1972 630 Formatur
1984 598 2016 629 N
2017 608 2109 639 ‹mya-

1502 642 1655 717 {pffizelnsis
1681 642 1899 674 Christianitas
1926 653 1945 674 a
1971 642 2108 684 Gaspare

1567 696 1583 718 e
1597 696 1624 718 a.

1484 775 1563 806 1568
1590 774 1687 806 [κίνησε
1726 775 1759 806 in
1799 784 1894 817 regno
1929 775 2108 807 Peruviano

1502 818 1655 860 templum
1675 823 1708 851 et
1727 821 1759 852 C.
1778 819 1976 852 inchoantur.

1482 996 1568 1028 1570.
1585 996 1632 1028 15.
1649 996 1670 1028 J
1672 996 1713 1029 ul.
1730 996 1903 1038 †Ignatius
1917 998 1954 1028 de
1968 998 2109 1029 Azevedo

1501 1044 1533 1071 et
1545 1040 1584 1072 39
1597 1041 1680 1072 Socii
1693 1045 1846 1082 martyres
1860 1041 1964 1073 necati
1978 1051 1997 1073 a
2010 1041 2107 1080 Seria,

1501 1084 1667 1116 calvinista
1686 1089 1717 1117 et
1736 1085 1937 1127 archipirata.

1482 1395 1558 1426 1571
1584 1396 1614 1427 J.
1636 1397 1671 1428 B.
1698 1397 1812 1433 Segura
1833 1399 1866 1427 et
1888 1397 1904 1427 7
1925 1395 2008 1428 Socii
2030 1396 2109 1428 ocei-

1501 1439 1620 1471 duntur
1643 1439 1675 1471 in
1699 1439 1834 1478 Florida,
1861 1444 1893 1472 et
1917 1440 2021 1472 missio
2047 1441 2109 1472 ista

1503 1483 1698 1525 relinquitur.

1484 1706 1560 1736 1572
1582 1705 1705 1748 Borgia,
1726 1706 1864 1748 Philippi
1886 1706 1928 1739 II.
1951 1707 2034 1738 votis
2055 1706 2109 1738 ob-

1502 1750 1685 1789 secundans,
1709 1750 1832 1782 Petrum
1850 1750 2008 1789 Samium,
2030 1751 2108 1783 Rec-

1502 1798 1601 1826 torem
1623 1794 1886 1836 Complutensem‚
1909 1796 2108 1827 nominatum

1501 1839 1737 1878 Provincialem,
1771 1850 1842 1871 cum
1873 1840 1972 1872 Sociis
2005 1840 2044 1872 15
2076 1840 2109 1872 in

1500 1885 1656 1915 Mexlcum
1677 1884 1788 1916 mittit.

1480 2283 1516 2314 In
1531 2282 1669 2323 Japonia
1685 2283 1818 2325 majores
1834 2284 1867 2316 in
1883 2284 1949 2316 dies
1967 2294 2106 2326 progres-

1498 2337 1575 2403 1573
1591 2372 1778 2404 missionarii
1793 2373 1811 2404 8
1827 2377 1963 2412 tantum,
1981 2377 2015 2405 at
2031 2374 2108 2405 1579

1497 2416 1561 2457 jam
1578 2417 1616 2447 29
1632 2417 1663 2448 in
1679 2417 1697 2448 3
1713 2417 1917 2456 districtibus,
1935 2419 1967 2451 C.
1983 2422 2016 2450 et
2030 2419 2108 2455 pr.

1498 2460 1551 2492 ubi
1574 2461 1668 2502 juxta
1691 2464 1815 2493 statuta
1837 2462 2007 2504 Valignani
2031 2462 2109 2494 1580

1499 2505 1594 2536 etiam
1613 2505 1750 2547 Japones
1769 2506 2011 2547 recipiebantur.

1481 2948 1559 2980 1574
1581 2948 1614 2980 in
1638 2948 1860 2981 Bartholomaei
1883 2949 1964 2991 regis
1988 2949 2107 2982 ditione

1499 2992 1579 3025 fides
1600 2996 1802 3035 propagatur.

1769 3126 1808 3159 65
