2372 3550
65 273 268 324 martin,
298 273 489 316 Wernz
523 274 545 314 1
555 273 656 315 853
665 296 710 303 —
721 274 743 314 1
753 273 783 315 9
793 274 814 315 1
823 274 872 316 ti.

131 430 291 466 Hispania,
311 430 471 459 Lusitania
617 430 790 466 Germania,
812 430 953 466 Belgium
1134 430 1257 466 Magna,
1277 431 1405 461 Polonia
1684 432 1843 462 Missiones
1864 434 1978 464 exterae

65 556 142 587 1854
166 555 247 587 Socii
273 556 320 594 17,
346 555 425 597 pulsi
452 565 468 587 e
493 556 525 588 C.
558 555 755 587 1850—1855
779 566 818 588 ex
841 556 899 588 340
923 556 953 589 S.
979 556 1009 588 J.
1044 556 1120 587 1853
1148 555 1286 598 Erigitur
1312 559 1495 590 Assistentia
1526 558 1603 590 1853
1624 560 1666 591 Μ.
1687 558 1813 591 enham
1833 563 1950 601 coepta:

83 599 251 641 Loyokmo,
274 604 388 641 petunt
409 599 525 632 insulas
576 599 609 631 in
632 600 736 642 Belgio
759 600 917 642 discipulis
940 610 1010 633 exa·
1062 602 1194 638 Angliae.

86 643 235 676 Baleares.
577 644 704 676 minatis
727 645 786 676 300
810 648 954 686 optatum
976 645 1009 676 in

576 688 688 720 fitteris
705 689 836 730 gradum
855 689 1009 730 (alumno-
1525 691 1603 723 1854
1625 693 1656 724 C.
1680 692 1708 730 4,
1732 691 1814 724 inter
1836 702 1873 724 ea
1894 693 2083 726 Habanense.

576 742 645 764 rum
670 733 930 775 academicorum)
955 733 1008 765 ob-

576 777 748 809 tinuerunt.

1524 823 1602 855 1854
1626 826 1668 857 M.
1695 824 1912 866 Bombayensis
1937 827 2144 859 committitur

1542 870 1592 901 Pr.
1611 868 1788 902 Germanice.

61 908 139 940 1856
161 909 193 940 in
215 909 403 949 Hispaniam
424 911 523 948 ipsam
556 909 751 942 1853—1872
773 912 822 943 Pr.
842 910 937 942 Germ.
961 920 1007 942 re-

80 957 246 985 revocatur
261 953 291 986 S.
304 954 334 986 J.
347 957 379 986 et
394 956 443 987 Pr.
460 964 523 986 cre·
574 954 668 996 gebat
677 954 854 986 Sodalitates
867 955 902 987 B.
914 955 956 987 M.
969 955 1004 987 V.

81 997 149 1030 scit.
882 999 1006 1031 Sodales
1523 1001 1601 1033 1856
1631 1003 1673 1035 Μ.
1704 1006 1736 1034 et
1766 1002 1939 1035 vicariatus
1970 1004 2079 1046 Apost.
2110 1005 2143 1037 in

604 1044 621 1074 7
642 1043 828 1085 Aquisgrani
919 1044 997 1076 3172
1546 1045 1661 1077 'Pehb-li
1688 1046 1826 1078 orientali
1853 1048 2061 1081 committitur
2088 1049 2143 1081 So-

602 1088 621 1118 6
642 1087 760 1119 Bonnae
938 1088 997 1120 874
1039 1087 1117 1119 1855
1136 1089 1172 1120 V.
1191 1089 1240 1120 Pr.
1259 1088 1415 1121 Hiberniae
1434 1100 1490 1122 nu·
1543 1090 1596 1122 ciis
1619 1093 1667 1123 Pr.
1693 1091 1841 1124 Francioe.

601 1132 620 1162 6
641 1131 774 1163 Coloniae
918 1133 997 1164 2785
1057 1136 1158 1164 metat
1176 1133 1242 1165 Sac.
1257 1134 1305 1171 44,
1325 1135 1425 1166 schol.
1440 1134 1488 1173 35,

600 1175 619 1207 5
641 1176 845 1208 Confluentiae
938 1177 996 1208 462
1057 1177 1148 1209 coad.
1159 1177 1196 1208 18
1205 1177 1238 1208 in
1248 1179 1285 1210 R.
1296 1178 1488 1217 Dublinensi,

602 1221 619 1251 7
640 1220 826 1252 Feldkirehii
938 1222 996 1252 646
1057 1221 1110 1253 CC.
1136 1221 1267 1260 Cluensi,
1294 1226 1326 1253 et
1350 1224 1381 1255 C.
1407 1223 1487 1255 inch.
1523 1223 1600 1254 1857
1628 1224 1664 1255 In
1688 1223 1820 1265 Guycma
1844 1225 1974 1266 Anqlica
1998 1225 2144 1259 laborant

57 1262 135 1294 1858
150 1265 181 1296 G.
196 1263 413 1305 Orphanorum
430 1264 520 1306 Ulys-
601 1265 618 1296 2
640 1264 798 1297 Gorhemii
938 1266 995 1297 135
1056 1264 1183 1298 Dublin.
1195 1269 1228 1297 et
1237 1266 1322 1307 apud
1333 1266 1490 1309 Tullabeg.
1542 1267 1635 1300 Clem.
1652 1268 1744 1310 Negri
1757 1269 1788 1311 (†
1802 1269 1902 1311 1891),
1916 1270 2021 1311 Aloys.
2036 1271 2143 1303 Emili-

76 1307 249 1348 siponense,
274 1308 351 1340 1859
373 1309 413 1340 ad
439 1309 518 1341 aedes
600 1309 618 1340 6
639 1309 808 1351 Moguntiae
938 1310 995 1341 784
1542 1312 1592 1343 ani
1612 1313 1643 1354 (†
1662 1313 1762 1354 1865),
1782 1313 1850 1346 Jae.
1873 1314 2038 1356 Εεὴενίᾶρε,
2058 1320 2143 1357 post-

76 1351 326 1393 Campolidenses
388 1353 519 1385 transla-
600 1353 618 1384 6
639 1354 817 1385 Monasterii
835 1354 871 1387 V.
938 1355 996 1386 498
1541 1356 1669 1388 modum
1684 1357 1720 1390 V.
1736 1358 1845 1399 Apost.
1862 1358 1894 1400 (†
1908 1360 1936 1391 4.
1952 1359 2024 1392 Jan.
2041 1360 2141 1402 1878).

76 1399 154 1435 tum,
177 1398 230 1429 CC.
252 1396 371 1429 factum
395 1401 451 1430 est.
599 1397 618 1428 3
638 1398 846 1430 Paderbornae
937 1399 995 1431 362

599 1442 617 1473 4
641 1442 823 1474 Ratisbonae
919 1444 996 1475 7010

577 1486 1015 1546 Μ
1521 1489 1599 1521 1858
1637 1490 1813 1523 instaurata
1850 1493 1893 1524 M.
1932 1492 2140 1532 Columbiana,

1541 1534 1616 1566 1861
1648 1545 1771 1576 pessum
1803 1536 1896 1568 datur
1926 1537 1966 1568 ab
1994 1537 2140 1576 inimicis;

1540 1579 1618 1610 1884
1646 1580 1738 1611 tertio
1767 1584 1872 1622 coepta
1899 1591 2044 1623 prospere
2072 1592 2141 1624 pro-

1539 1623 1622 1655 cedit
1642 1624 1704 1665 (Pr.
1726 1624 1832 1666 Cast).

550 1662 627 1694 1855
637 1664 675 1695 D.
688 1663 787 1696 Bonn.
799 1667 831 1696 et
842 1664 1010 1704 Confluent.

549 1707 745 1739 1856—1858
768 1710 806 1741 D.
833 1709 999 1742 Trevire‘ns.

550 1751 627 1783 1856
642 1753 673 1785 C.
691 1751 926 1786 Feldkirchense.
1519 1756 1595 1788 1859
1608 1758 1650 1789 Μ.
1663 1757 1848 1798 Philippina
1859 1758 2043 1792 instituitur.
2057 1760 2138 1793 Prae-

703 1797 719 1810 ’·
1538 1805 1585 1832 ter
1610 1801 1796 1834 Athenaeum
1823 1803 2026 1843 Manilanum,
2059 1807 2140 1838 Sem.

1537 1845 1566 1877 S.
1587 1845 1637 1878 Fr.
1658 1846 1786 1878 Xaverii
1806 1852 1838 1879 et
1853 1850 1894 1880 Μ.
1914 1848 1946 1880 in
1960 1849 2138 1889 Mindanao,

549 1884 626 1916 1854
640 1885 672 1916 in
688 1885 790 1926 Belqio
805 1886 933 1928 erigitur
945 1887 1000 1919 So·
1034 1886 1111 1918 1860
1129 1888 1166 1920 R.
1184 1887 1343 1920 Nissemis
1360 1889 1393 1920 in
1411 1889 1485 1921 Sile·
1537 1891 1744 1923 memorabilis
1774 1896 1821 1923 est
1848 1894 1885 1925 R.
1914 1903 1976 1925 non
2005 1893 2051 1925 ita
2078 1895 2140 1936 pri-

569 1929 708 1961 dantium
717 1930 924 1963 Xaverianum
935 1942 999 1963 ma·
1052 1931 1098 1962 sia
1111 1932 1172 1973 (Pr.
1186 1932 1308 1974 Galic.).
1537 1934 1607 1966 dem
1638 1935 1765 1967 condita
1800 1936 1881 1968 inter
1916 1939 2051 1975 leprosos
2081 1939 2140 1980 (in-

568 1973 650 2006 xime
667 1983 723 2016 pro
742 1974 916 2016 opificibus.
1537 1978 1605 2010 sula
1622 1979 1754 2022 Culion).

53 2105 131 2138 1860
143 2105 335 2139 Gubernium
348 2107 433 2147 lusit,
447 2112 516 2141 tan·
550 2107 627 2139 1855
643 2109 674 2140 C.
691 2107 867 2141 Verviense.
1519 2112 1596 2144 1859
1619 2114 1662 2145 Μ.
1687 2112 1827 2154 Bewyaloe
1851 2115 1946 2147 occid.
1971 2116 2139 2148 committi-

72 2149 143 2182 dem
193 2151 350 2192 permittit
387 2153 516 2186 Jesuitis
1539 2160 1591 2188 tur
1606 2159 1655 2190 Pr.
1673 2157 1805 2200 Belgicae
1820 2159 1852 2201 (4
1868 2159 1951 2201 Sac.)

72 2195 186 2227 morari
201 2195 234 2227 in
250 2196 362 2237 patria.
549 2196 745 2228 1857—1858
763 2197 794 2229 S.
815 2197 845 2229 J.
866 2198 924 2229 sub
945 2198 1000 2236 „li-

73 2240 151 2277 pr.
171 2239 340 2274 Barrensis.
568 2240 685 2272 berali“
709 2241 878 2274 ministerio
903 2242 1000 2285 Belgii

54 2282 91 2314 In
104 2287 174 2316 tota
185 2284 216 2317 S.
230 2284 260 2317 J.
274 2288 517 2318 numerabantur
567 2284 682 2317 multas
710 2286 831 2327 patitur
860 2287 1000 2319 vexatio·
1035 2286 1121 2319 1860.
1157 2288 1184 2319 8.
1223 2287 1296 2320 Dec.
1335 2288 1486 2321 Hibernia
1518 2290 1595 2322 1860
1612 2292 1643 2323 Ο.
1661 2290 1858 2334 calonnam,-

77 2329 170 2362 Socii:
567 2339 631 2362 nes.
1056 2331 1093 2363 fit
1114 2334 1165 2364 Pr.

171 2373 249 2405 1838
329 2374 407 2406 3067

171 2417 248 2449 1841
328 2419 407 2451 3565
548 2418 624 2450 1857
651 2418 798 2451 Facultas
827 2419 1000 2462 theologica
1516 2423 1594 2455 1864
1609 2424 1649 2456 ib.
1666 2424 1768 2456 editur
1781 2426 1882 2466 prima
1895 2426 1927 2458 in
1943 2427 2033 2459 India
2047 2428 2138 2469 ephe-

171 2462 249 2493 1844
328 2463 407 2495 4139
568 2462 787 2495 Universitatis
852 2464 999 2505 OEm‘pon-
1535 2468 1627 2499 meris
1665 2469 1818 2502 catholica
1856 2470 2137 2513 „Indo-European

170 2506 248 2538 1847
328 2508 406 2539 4757
566 2510 645 2539 tanoe
663 2508 800 2540 traditur
817 2508 956 2541 Jesuitis.
1536 2512 1835 2554 Correspondence“.

170 2550 248 2582 1850
328 2552 407 2583 4600

170 2595 247 2626 1853
326 2596 406 2628 5209

169 2639 247 2671 1856
327 2641 406 2672 5968

170 2683 247 2715 1859
328 2685 406 2717 6897
1515 2689 1592 2721 1863
1611 2692 1653 2723 Μ.
1672 2690 1869 2731 Ganadensis,
1896 2697 1928 2724 et
1945 2693 2136 2726 Neo-Ebora-

169 2728 246 2760 1862
328 2729 404 2761 7411
1534 2734 1629 2766 censis
1645 2735 1830 2768 attribuitur
1844 2738 1892 2770 Pr.
1908 2737 2094 2779 Campaniae.

169 2772 247 2804 1865
328 2774 405 2805 7949

169 2816 246 2848 1868
326 2818 405 2850 8584

169 2861 245 2893 1871
327 2862 405 2894 8819
545 2861 622 2893 1863
632 2863 663 2895 G.
673 2862 703 2894 S.
714 2862 820 2895 Mariae
829 2863 869 2895 ad
879 2863 996 2896 Lacum

169 2905 247 2937 1874
326 2907 405 2939 9260
563 2915 619 2947 pro
650 2906 724 2948 phil.
757 2911 789 2939 et
819 2907 914 2940 theol.
947 2910 996 2942 Pr.

564 2950 668 2984 Germ.

266 3116 326 3149 446
750 3119 808 3152 447
1225 3122 1284 3154 448
1788 3125 1847 3157 449
