2313 3485
659 452 909 516 Lectori
956 451 1269 516 benevolo
1318 451 1603 515 salutem.

245 644 328 683 Sub
355 644 484 683 titulo:
519 644 694 695 „Abi-iss
719 645 797 683 der
821 643 1077 682 Geschlchte
1104 643 1180 681 der
1207 642 1500 681 Gesellschaft
1523 641 1656 681 Jesu“
1681 653 1785 680 anno
1821 641 1920 680 1876
1943 641 2174 681 Monasterii

85 716 121 755 in
147 715 366 755 Guestfalia
397 715 446 754 ad
476 715 602 754 instar
628 713 886 765 manuscripti
912 714 1152 764 impressum
1181 712 1251 751 fuit
1277 725 1390 763 opus,
1422 713 1528 763 quod
1555 713 1833 751 elaboraverat
1856 711 1913 752 R.
1940 711 1993 752 Ρ.
2019 710 2175 751 Fran·-

86 787 254 827 ciscus
289 785 540 826 Xaverius
576 785 767 826 Wernz
801 785 841 824 S.
871 784 902 824 J.
942 784 1128 834 primario
1165 795 1236 833 pro
1266 783 1444 831 Novitiis,
1475 781 1732 822 Scholasticis
1766 786 1805 821 et
1833 781 2018 821 Patribus
2048 781 2175 820 tertiae

86 857 344 908 probationis,
376 857 595 907 praebendo
625 856 722 907 ipsis
752 857 913 895 brevem
944 858 1203 905 conspectum
1236 866 1367 893 rerum
1397 853 1496 893 scitu
1523 853 1672 892 utilium
1695 865 1743 892 ex
1764 851 1929 892 historia
1949 852 2174 900 Societatis‚

84 941 163 980 quo
193 928 345 967 facilius
376 940 398 967 a
427 927 585 967 Nostris
615 927 844 978 acquiratur
872 925 1162 976 compendiosa
1191 926 1332 964 saltem
1365 929 1403 964 et
1432 924 1589 964 sincera
1619 923 1798 974 ejusdem
1830 923 1979 963 notitia.

246 1016 346 1056 Cum
375 1028 471 1055 vero
498 1015 695 1055 nonnullis
722 1015 865 1054 abhinc
890 1013 1003 1053 annis
1031 1013 1138 1052 multi
1165 1013 1478 1053 desideraverint
1499 1012 1813 1052 commodiorem
1838 1016 1877 1052 et
1897 1011 2174 1062 perfectiorem

87 1087 203 1138 hujus
238 1087 372 1138 operis
408 1086 633 1134 editionem,
672 1084 744 1136 ipsi
780 1085 825 1124 A.
856 1086 899 1124 R.
928 1085 972 1124 Ρ.
1006 1086 1171 1136 Wern2‚
1207 1085 1271 1136 qui
1309 1097 1414 1124 anno
1451 1085 1549 1123 1906
1583 1084 1734 1123 electus
1767 1083 1896 1122 fuerat
1930 1082 2177 1133 Praepositus

85 1158 305 1207 Generalis,
336 1161 603 1208 opportunum
634 1156 762 1195 visum
794 1160 855 1195 est
885 1155 1030 1194 dictum
1063 1167 1165 1205 opus
1189 1158 1440 1200 ‚qermanicurm
1476 1154 1666 1193 latinitate
1697 1154 1901 1201 donatum,
1936 1157 2173 1201 correctum,

87 1234 258 1277 auctum,
285 1229 334 1268 ad
362 1233 523 1268 nostros
550 1240 678 1267 annos
704 1227 990 1275 continuatum,
1019 1227 1094 1265 sub
1117 1225 1293 1265 nomine:
1324 1225 1563 1276 „Synopsis
1583 1225 1774 1265 historlae
1796 1224 2024 1264 societatis
2043 1222 2176 1263 Jesu“

88 1302 123 1341 in
164 1302 290 1340 lucem
330 1301 461 1348 edere,
507 1299 544 1338 id
584 1299 691 1350 quod
727 1297 880 1337 curavit
919 1297 1145 1336 Ludovicus
1184 1296 1354 1336 Schmitt
1391 1295 1430 1335 S.
1471 1296 1502 1334 J.
1540 1308 1628 1335 cum
1667 1295 1810 1335 auxilio
1849 1294 2024 1334 virorum
2062 1292 2178 1344 hujus

88 1371 263 1411 historiae
293 1370 471 1421 apprime
499 1381 730 1419 gnarorum,
763 1368 906 1419 quibus
936 1366 1085 1418 gratias
1116 1379 1234 1417 quam
1267 1366 1460 1405 maximas
1490 1365 1581 1415 agit.
1631 1365 1738 1405 Usus
1769 1368 1831 1404 est
1860 1368 1992 1403 autem
2023 1364 2072 1402 ad
2103 1364 2179 1403 hoc

89 1447 233 1495 praeter
263 1442 449 1482 historias
479 1441 698 1492 impressas
728 1440 904 1480 fontibus
934 1439 1203 1488 originalibus,
1235 1437 1351 1476 etiam
1385 1436 1675 1487 manuscriptis.

249 1530 421 1570 Maximo
459 1542 556 1569 sane
595 1530 732 1569 dolore
769 1540 912 1568 omnes
950 1527 1077 1566 affecti
1114 1539 1270 1574 sumus,
1311 1526 1472 1576 quando
1512 1524 1747 1572 audivimus,
1788 1523 1980 1574 optimum
2021 1522 2177 1562 Patrem

89 1603 278 1642 Nostrum
318 1601 380 1640 die
425 1602 479 1640 19.
520 1600 688 1652 Augusti
728 1604 855 1639 morte
895 1598 1010 1639 nobis
1049 1602 1290 1648 praereptum
1329 1596 1471 1644 fuisse,
1517 1595 1624 1635 brevi
1669 1599 1821 1634 tantum
1868 1598 2048 1644 tempore
2089 1596 2180 1643 post

89 1673 163 1712 ”lum
191 1661 376 1723 ejusdem
397 1672 556 1718 mensis,
587 1671 689 1711 diem
716 1671 947 1710 saecularem
976 1682 998 1709 a
1023 1669 1285 1712 Restitutione
1311 1667 1535 1715 Societatis,
1568 1679 1684 1718 quem
1715 1665 1893 1717 epistolis
1920 1664 2179 1705 devotissime

90 1743 292 1782 celebrare
322 1746 361 1781 et
391 1742 583 1781 docuerat
612 1746 651 1781 et
680 1745 937 1792 praeceperat,
974 1753 1054 1791 quo
1091 1741 1153 1780 die
1189 1740 1306 1779 etiam
1339 1739 1553 1789 Synopsin
1590 1739 1690 1777 hanc
1720 1737 1756 1776 in
1788 1737 1871 1777 suis
1902 1741 1941 1775 et
1970 1735 2178 1776 Sociorum

91 1812 274 1852 manibus
300 1812 435 1851 videre
461 1817 680 1864 optaverat.
730 1813 816 1852 Non
845 1812 951 1860 vidit,
985 1811 1155 1851 Domino
1183 1810 1240 1850 sic
1269 1810 1515 1861 disponente.
1564 1810 1662 1848 Nam
1690 1810 1742 1848 ob
1768 1808 1901 1847 varias
1929 1807 2180 1847 difficultates

90 1883 224 1934 operis
244 1883 454 1934 impressio
476 1883 624 1922 tamdiu
647 1883 848 1922 retardata
878 1887 950 1930 est,
982 1886 1024 1921 ut
1054 1894 1131 1921 non
1165 1881 1237 1921 nisi
1269 1893 1406 1920 mense
1428 1879 1643 1920 Novembri
1674 1879 1806 1929 pertici
1829 1878 2011 1929 potuerit.
2056 1877 2180 1917 Nobis

91 1953 264 2003 interim,
309 1954 373 2005 qui
414 1966 553 2005 preces
594 1967 665 2005 pro
705 1954 835 1993 anima
875 1953 1048 1992 defuncti
1088 1952 1296 2003 Praepositi
1336 1951 1461 1991 nostri
1502 1949 1784 2001 persolvimus,
1830 1961 2067 2000 persuasum
2106 1952 2180 1996 est,

92 2025 328 2065 immensum
359 2025 497 2075 gloriae
527 2026 686 2076 pondus
721 2025 794 2075 ipsi
824 2023 905 2075 jam
942 2025 1077 2063 datum
1113 2035 1205 2063 esse
1241 2023 1277 2062 in
1309 2023 1437 2062 sinum
1470 2023 1521 2062 ob
1552 2022 1719 2061 virtutes
1749 2026 1787 2060 et
1818 2021 2011 2072 praeclara
2042 2019 2182 2059 merita

92 2096 129 2135 in
159 2100 283 2136 totam
314 2096 567 2136 Societatem.

252 2184 312 2224 De
351 2183 466 2235 hujus
506 2186 717 2234 Synopsls
760 2183 891 2223 indole
929 2183 1046 2222 docet
1089 2184 1307 2231 „Dispositio
1348 2184 1486 2231 operis“
1534 2180 1714 2231 proximo
1757 2179 1850 2219 folio
1893 2190 2087 2230 sequens;
2130 2178 2182 2217 in-

92 2255 330 2306 scriptiones
351 2260 482 2295 autem
505 2254 699 2295 columnis
719 2255 973 2293 Tabularum
995 2254 1333 2303 synchronarum
1355 2251 1553 2302 impositae
1574 2251 1666 2302 quid
1684 2250 1814 2299 velint,
1845 2249 1944 2300 ipsae
1965 2249 2182 2289 enuntiant.

93 2326 262 2366 Notetur
297 2330 462 2375 tantum,
497 2338 587 2377 quae
627 2325 824 2376 pertinent
859 2325 909 2363 ad
945 2323 1160 2371 Austriam‚
1204 2323 1450 2371 ssohemiam,
1496 2322 1753 2373 Hungariam,
1799 2325 1838 2361 et
1875 2321 1925 2359 ad
1963 2319 2181 2368 Bataviam,

94 2396 345 2437 l-lollandiam
379 2398 440 2436 vel
475 2396 765 2445 Neerlandiam,
802 2394 967 2435 inveniri
1005 2395 1079 2434 sub
1114 2394 1225 2433 titulo
1263 2394 1533 2444 „Germanla‚
1562 2391 1797 2442 Belgium“,
1831 2396 1870 2431 et
1904 2403 1994 2442 quae
2023 2402 2183 2430 concer-

95 2471 193 2506 nunt
222 2466 465 2516 Hiberniam,
497 2466 684 2515 Scotiam,
716 2464 912 2513 Sueciam,
945 2463 1128 2507 Russiam
1160 2467 1199 2502 et
1229 2462 1431 2503 Galiclam
1461 2463 1513 2514 (in
1546 2463 1726 2503 restituta
1755 2462 1795 2502 S.
1812 2463 1860 2512 J.)
1889 2463 1965 2502 sub
1993 2462 2184 2514 „Anglla‚

97 2536 311 2578 Polonla.“
