2372 3550
131 324 290 360 Hispania,
311 323 469 353 Lusitania
616 322 790 358 Germania,
813 323 953 359 Belgium

62 496 199 527 Societas
215 495 348 535 hispana
364 504 402 526 ex
418 493 525 525 multis
562 493 637 524 1611
669 493 852 525 Hollamlt'ca
882 496 924 526 M.
956 504 1012 525 nu-

81 540 174 581 hujus
216 539 364 580 temporis
404 541 525 579 pertur-
580 541 680 569 merat
690 538 728 569 14
738 538 846 569 Patres
858 538 1021 579 operarios,

81 583 260 616 bationibus
273 587 305 615 et
317 582 526 614 tribulationi·
580 581 732 623 dispersos
750 592 806 623 per
824 582 892 614 loca
911 583 958 621 12,
979 583 1011 614 in

81 629 147 665 bus,
167 638 243 669 quas
261 638 280 659 a
296 628 335 659 30
351 627 413 659 fere
430 626 525 659 Sociis
582 625 693 667 quibus
714 636 775 658 non
796 630 862 658 tam
883 627 1010 668 degunt,

80 672 203 704 discolis
241 682 296 713 per
333 671 526 703 memorialia
581 681 675 712 quam
707 670 855 703 continuo
880 672 1012 713 peregri-

81 717 165 758 apud
191 716 439 758 Inquisitionem,
466 716 525 747 Re-
580 719 705 746 nantur.

79 771 159 803 gem,
174 761 294 802 Papam
309 764 418 792 contra
432 760 525 792 Insti-

80 809 186 837 tutum
204 809 236 837 et
253 805 435 837 Generalem
454 815 524 836 con·
561 804 637 835 1611
649 803 758 835 Groecii
770 804 908 836 haeretici
920 804 958 835 45
972 804 1011 836 ad

80 849 270 891 spirantibus
285 859 430 891 perpessa
447 853 523 887 erat,
578 848 789 889 profitendam
799 848 894 880 fidem
905 849 1011 880 catho-

79 894 186 936 purior
205 898 237 926 et
257 893 418 926 florentior
437 894 522 932 exiit,
578 892 670 924 licam
691 892 820 924 reducti.

79 939 126 970 ita
149 942 186 970 ut
210 942 349 979 tempore
365 938 523 970 Generalis

79 982 201 1015 Claudii
229 983 397 1024 Aquaviva
426 984 444 1014 4
474 985 522 1015 Pr.
559 982 645 1013 1612.
679 981 851 1013 Mittuntur
882 981 1011 1013 Jesm'tae

80 1027 240 1069 Hispaniae
276 1028 313 1059 31
351 1037 434 1059 nova
470 1027 523 1059 do-
577 1026 610 1057 in
627 1025 784 1063 Bosniam‚
802 1025 1008 1064 Sclavoniam‚

79 1071 204 1110 micilia‚
242 1071 305 1103 fere
341 1072 446 1103 omnia
481 1073 523 1110 0.,
577 1070 728 1102 finitimas
750 1070 896 1112 regiones.

79 1116 282 1149 condiderint.

557 1159 634 1191 1612
651 1161 699 1191 Pr.
718 1158 842 1200 Belgica
857 1159 1010 1190 dividitur

576 1203 609 1235 in
621 1203 895 1244 Flandrobelqieam
906 1207 937 1235 et
944 1203 1013 1235 Gal-

577 1247 754 1288 Zobelqicam.
824 1248 892 1280 Hoc
926 1258 1008 1280 anno

578 1292 680 1324 Duacz‘
692 1292 758 1324 sola
771 1292 891 1334 Logicae
904 1292 1009 1324 schola

576 1337 634 1368 400
643 1336 800 1369 auditores
809 1337 1003 1369 numerabat.

556 1648 632 1679 1613
645 1649 722 1685 pr.
735 1648 846 1679 Leobii.
862 1667 898 1670 —
913 1648 1007 1680 Varia

574 1692 743 1725 Carinthiae
761 1692 934 1734 Styriaeque
955 1703 1007 1734 op-

573 1737 648 1778 pida
664 1737 807 1769 doctrina
823 1737 933 1769 salutis
949 1737 1006 1769 im-

574 1781 722 1813 buuntur.

554 2047 631 2080 1614
656 2049 687 2080 G.
710 2047 949 2080 Paderbomense
972 2048 1006 2080 in

572 2092 774 2125 Academiam
804 2097 1008 2134 promovetur

573 2137 636 2169 zelo
647 2141 680 2169 et
689 2137 906 2169 munificentia
914 2140 1011 2169 Theo-

572 2184 637 2214 dori
662 2191 681 2213 a
705 2184 916 2220 Fiirstenberg,
942 2182 1005 2223 epi-

574 2226 658 2268 scopi
691 2225 838 2268 principis
869 2227 1005 2268 (1585»-

575 2271 595 2312 †
612 2272 638 2303 4.
656 2271 730 2304 Dec.
750 2271 849 2312 1618).

1136 323 1258 359 Augaia,
1280 324 1406 353 Polonia

1684 323 1844 352 Missiones
1866 324 1982 352 exterae

1529 495 1604 526 1611
1620 493 1757 525 Societas
1772 493 1805 525 in
1820 493 1954 532 Ganada,
1971 494 2053 526 unde
2072 495 2148 526 1613

1549 538 1588 570 ab
1609 538 1716 579 Anglis
1738 538 1911 579 expellitur.

1530 937 1606 968 1613
1637 936 1774 968 Societas
1805 940 1950 977 penetrat
1979 937 2011 968 in
2043 937 2149 969 Cocin-

1549 981 1649 1013 cinam
1673 985 1705 1013 et
1731 981 1918 1013 Tunkinum.

1043 1381 1120 1412 1614
1133 1380 1282 1412 Gracovz'oe
1294 1385 1419 1412 auctore
1432 1391 1504 1412 ano·
1527 1382 1604 1413 1614
1615 1381 1789 1422 Usurpator
1799 1380 1983 1420 Daiszcsama
2003 1381 2037 1422 (†
2048 1381 2147 1421 1616),

1062 1435 1157 1466 nymo
1184 1426 1229 1465 (re
1255 1435 1329 1456 vera
1354 1425 1394 1456 ab
1422 1425 1494 1457 Hie-

1062 1479 1193 1510 ronymo
1221 1469 1418 1501 Zahorowski
1445 1480 1493 1501 eff-

1061 1514 1148 1554 pulso
1169 1524 1184 1545 e
1203 1514 1232 1545 S.
1254 1514 1283 1545 J.
1305 1515 1494 1555 conscripta)

1060 1559 1092 1590 in
1105 1559 1204 1590 lucem
1219 1559 1359 1599 prodiere
1375 1561 1494 1597 „Moni-

1545 1426 1713 1467 instigatus
1737 1425 1776 1457 ab
1801 1425 1964 1457 Hollandis
1988 1430 2020 1457 et
2042 1425 2149 1467 Anglis

1547 1470 1712 1502 continuat
1746 1470 1991 1511 persecutionem
2025 1470 2059 1502 in
2093 1470 2149 1501 Ja-

1546 1514 1643 1555 pom'a
1670 1525 1741 1546 cum
1774 1514 1885 1555 majori
1918 1518 1950 1546 et
1983 1514 2022 1546 ad
2049 1518 2147 1547 artem

1547 1559 1674 1591 redacta
1701 1558 1893 1591 crudelitate.
1940 1559 2148 1591 Nihilominus

1060 1606 1092 1634 ta
1108 1603 1253 1640 secreta“‚
1269 1613 1337 1644 quae
1354 1603 1430 1635 falso
1448 1608 1494 1635 at·
1547 1603 1748 1636 Conimbricae
1769 1604 1806 1635 70
1824 1603 1906 1636 Socii
1924 1614 1988 1636 sese
2009 1603 2147 1635 obtulere

1061 1647 1156 1679 tribui
1176 1647 1327 1679 Instituto
1345 1648 1374 1679 S.
1395 1648 1423 1679 J.
1444 1649 1494 1679 de·
1547 1658 1601 1689 pro
1623 1648 1685 1680 ista
1705 1650 1746 1680 M.

1061 1692 1181 1723 clarata
1191 1696 1265 1723 sunt
1280 1692 1325 1723 10.
1341 1692 1403 1724 Mai
1418 1694 1494 1724 1616

1061 1747 1080 1768 a
1107 1736 1351 1778 Congregatione
1381 1737 1494 1769 Indicis

1061 1785 1093 1812 et
1103 1781 1226 1813 decreto
1237 1781 1499 1813 administratoris

1061 1825 1272 1857 Craooviensis
1286 1825 1494 1867 Episcopatus

1062 1870 1108 1901 20.
1130 1870 1208 1911 Aug.
1232 1870 1319 1902 1616.
1342 1870 1495 1903 Refutata

1062 1918 1136 1946 sunt
1153 1924 1172 1946 a
1188 1916 1221 1946 P.
1244 1916 1359 1945 Jacobo
1375 1916 1495 1946 Gretser

1062 1959 1147 1990 1618.
1168 1959 1415 2000 Manuscriptum
1437 1960 1494 1991 ori-

1059 2003 1162 2045 ginale
1188 2003 1378 2035 monitorum
1406 2014 1494 2035 num-

1062 2058 1155 2089 quam
1176 2052 1223 2079 est
1242 2048 1354 2086 visum,
1374 2058 1493 2080 eorum-
1527 2050 1730 2081 Anton.Ruiz
1740 2049 1776 2079 de
1786 2048 2006 2090 Montoyajam
2017 2048 2056 2079 ab
2066 2058 2147 2080 anno

1061 2103 1120 2134 que
1155 2092 1429 2125 authenticitatem
1465 2104 1494 2125 e·
1547 2093 1623 2125 1608
1661 2093 1694 2124 in
1732 2092 1932 2134 Paraquaria,
1972 2092 2148 2134 baptizavit

1061 2137 1137 2168 tiam
1159 2136 1323 2178 scriptores
1343 2137 1493 2169 Societati
1546 2137 1586 2169 ad
1603 2138 1731 2169 100.000
1748 2137 1907 2175 Indorum,
1933 2137 2032 2169 edidit
2046 2147 2147 2179 gram-

1058 2181 1176 2213 inimici
1195 2181 1341 2222 rejiciunt
1361 2182 1491 2223 (Huben
1544 2182 1703 2219 maticam,
1730 2181 1963 2213 vocabularium
1977 2185 2009 2213 et
2022 2182 2146 2213 thesau-

1059 2226 1194 2263 Fischer,
1228 2226 1376 2258 Hamaok
1409 2228 1490 2267 etc).
1544 2237 1612 2258 rum
1631 2226 1744 2269 lingum
1763 2226 1979 2258 Guaranorum
2001 2226 2078 2258 1639
2099 2236 2144 2267 sq.

57 2402 134 2435 1615
155 2401 187 2434 in
205 2402 273 2434 istis
293 2403 312 2434 4
325 2402 374 2435 Pr.
389 2412 530 2435 numera·
554 2404 632 2437 1615
673 2404 802 2436 Initium
842 2404 936 2436 datur
974 2406 1005 2437 c.
1041 2404 1118 2436 1615
1138 2405 1229 2436 Joan.
1244 2405 1397 2441 ogssbaeus
1411 2414 1492 2437 mar-

75 2447 193 2479 bantur
213 2446 369 2479 domicilia
385 2447 432 2485 87,
450 2447 531 2479 Socii
576 2449 824 2487 Emishemiensi,
873 2449 1006 2481 Neobur-
1060 2452 1111 2490 tyr
1131 2448 1165 2480 in
1185 2448 1294 2480 δασεῖα.

80 2491 151 2533 plus
167 2491 245 2523 2000
268 2491 321 2533 qui
335 2492 454 2524 fervore
470 2492 531 2534 spi-
573 2493 666 2535 qemi,
704 2493 890 2532 Novesiensi,
927 2493 1006 2525 Sele-

79 2535 188 2568 rituali
214 2539 246 2568 et
269 2536 332 2568 zelo
361 2536 531 2577 apostolico
574 2537 727 2576 stadimi,
749 2538 959 2579 Tymaviensi.

77 2579 239 2612 ardebant.
273 2580 438 2613 Laudandi
458 2584 532 2613 sunt

76 2627 188 2666 praeter
203 2624 280 2657 alios
296 2624 412 2657 multos
425 2625 531 2667 impri—

76 2669 135 2701 mis
164 2669 226 2701 PP.
258 2669 436 2711 Alphonsus
470 2670 532 2701 Ro-

77 2713 211 2755 driguez,
226 2713 365 2755 AEgidius
378 2714 531 2746 Gonzalez

77 2757 200 2797 Davila‚
223 2758 298 2791 Ven.
318 2758 495 2791 Ludovicus
513 2769 532 2791 a

80 2802 190 2842 Ponte,
210 2806 242 2835 et
259 2803 289 2835 S.
304 2803 532 2845 CoadjutorAl-

77 2847 214 2888 phonsus
231 2847 406 2889 Rodriguez
418 2847 530 2889 †1617.

266 3113 322 3144 142
754 3113 810 3144 143

1041 2671 1118 2703 1615
1133 2672 1164 2703 C.
1184 2673 1344 2702 scotorum
1357 2670 1391 2702 in
1405 2670 1490 2709 urbe,
1525 2671 1602 2703 1614
1621 2672 1791 2702 Ludovieus
1808 2672 1991 2708 &rangerius
2015 2670 2048 2702 in
2066 2670 2145 2702 Min-

1060 2715 1221 2747 conditum
1238 2715 1324 2754 1600,
1342 2715 1490 2748 Societati
1542 2715 1670 2757 greliam
1689 2719 1851 2757 penetrare
1871 2718 2010 2748 conatur.

1060 2759 1342 2792 administrandum
1359 2759 1461 2792 datur.

1239 3114 1297 3145 144

1799 3113 1857 3145 145
