2372 3550
1129 256 1165 292 7.
1193 252 1382 311 Scientia.

287 355 430 398 Georgius
451 355 553 394 Gobat,
578 355 605 387 1.
630 354 693 387 Jul.
720 355 798 386 1600
820 354 853 386 111
877 353 1062 386 Charmoille
1086 353 1234 394 (Pruntu-

210 401 304 443 tensi)
329 404 433 439 natus,
459 400 537 442 ingr.
566 400 593 432 1.
621 399 695 431 Jun.
723 399 811 438 1618,
839 399 947 430 docuit
972 398 1170 440 theologiam,
1198 400 1235 429 ut

209 449 311 479 rector
347 444 536 487 gubernavit
564 444 596 476 C
627 443 763 475 Halense
800 447 832 475 et
860 443 1066 485 Friburgense
1077 422 1232 484 t>(Helm).

209 491 229 533 †
252 489 445 523 Constantiae
470 489 519 521 23.
544 488 637 521 Mart.
663 488 750 520 1679.

293 545 429 575 Joannes
457 543 609 573 cardenas
638 541 841 583 Hispalensis,
872 542 911 573 14
939 550 1037 573 annos
1065 543 1160 572 natus
1188 539 1233 571 in-

209 588 309 621 travit
329 587 518 620 Societatem
541 587 632 624 1627;
656 586 780 628 scripsit
801 586 839 618 de
861 585 955 618 theol.
978 585 1098 617 morali.
1136 584 1156 626 †
1179 584 1233 615 Hi-

208 632 290 675 spali
313 633 341 664 6.
367 631 441 664 Jun.
467 631 554 663 1684.

288 686 466 716 Honoratus
497 685 597 722 Fabri,
628 687 694 716 nat.
728 684 815 723 1607,
847 683 925 726 ingr.
959 683 1047 722 1626,
1079 682 1233 724 poeniten-

209 729 319 762 tiarius
344 729 453 761 Romae
477 729 518 761 ad
540 728 571 761 S.
596 729 726 760 Petrum
750 738 806 770 per
829 729 867 760 28
892 738 990 760 annos
1015 731 1047 760 et
1071 727 1233 769 theologus

208 775 238 807 S.
268 773 522 812 Poenitentiariae,
553 773 719 805 acerrimus
748 772 927 814 (aliquoties
955 772 1028 804 inde
1057 772 1141 804 ultra
1168 781 1233 803 rno-

208 819 298 860 dum)
317 818 460 850 defensor
479 818 630 850 doctrinae
648 817 774 850 moralis
794 817 827 849 in
847 817 1055 849 conferentiis.
1085 817 1105 859 †
1125 817 1234 848 Romae

212 864 241 896 8.
266 863 358 895 Mart.
385 863 474 895 1688.

287 917 430 947 Claudius
458 917 598 954 Lacroix,
631 916 657 947 7.
687 915 762 956 Apr.
794 914 871 946 1652
900 914 1058 946 Dalhemii
1086 914 1233 955 (Luxem-

208 959 382 1002 burgensis)
404 963 507 999 natus,
530 959 685 1002 ingressus
708 959 842 991 Treviris
864 960 892 991 9.
916 959 990 1000 Maj.
1015 959 1102 998 1673,
1126 958 1234 990 docuit

208 1004 344 1038 Ccloniae
366 1007 399 1036 et
421 1004 612 1036 Monasterii.
636 1004 656 1046 †
680 1005 707 1036 1.
732 1003 783 1036 1161
806 1005 833 1036 2.
859 1004 933 1036 ι11111.
959 1004 1046 1036 1714.

287 1059 395 1089 Petrus
417 1059 604 1095 catalanius‚
626 1061 720 1089 natus
743 1058 770 1090 4.
795 1057 858 1089 Jul.
882 1057 961 1089 1658
984 1057 1179 1089 Buccherelae
1200 1057 1233 1088 in

207 1102 322 1141 Sicilia,
351 1101 506 1144 ingressus
536 1103 584 1134 17.
617 1102 696 1134 Nov.
730 1102 816 1141 1680,
848 1102 1004 1143 professus
1035 1105 1082 1134 est
1110 1101 1232 1134 litteras

207 1146 415 1186 humaniores,
436 1146 667 1188 philosophiam
689 1150 722 1179 et
742 1146 931 1189 theologiam
953 1146 1111 1179 moralem.
1133 1146 1153 1188 †
1173 1146 1233 1178 Pa-

208 1191 311 1224 normi
335 1192 382 1224 12.
407 1191 482 1224 Feb.
509 1192 596 1224 1732.

288 1244 406 1277 Paulus
427 1244 545 1277 Gabriel
566 1245 709 1284 Ammine,
732 1244 905 1277 Lunavillae
926 1247 1019 1276 natus
1043 1244 1129 1283 1679,
1154 1245 1232 1276 1694

206 1289 285 1332 ingr.
310 1289 330 1332 †
354 1289 549 1331 Mussiponte
574 1290 621 1322 22.
649 1289 720 1321 Jan.
748 1289 835 1321 1743.

286 1344 429 1374 nicolaus
462 1344 628 1380 mamona,
661 1342 755 1375 Liciis
790 1342 913 1384 (Lecce)
946 1345 1041 1374 natus
1075 1342 1122 1374 11.
1160 1342 1228 1375 Oct.

208 1388 295 1426 1669,
318 1387 352 1419 in
375 1387 406 1420 S.
431 1387 461 1420 J.
487 1387 526 1419 ab
551 1397 633 1419 anno
658 1388 736 1419 1690
759 1388 806 1420 10.
823 1387 908 1425 ι11111,
933 1387 1030 1419 lector
1052 1386 1229 1426 rhetorices,

206 1431 410 1474 philosophiae
437 1435 470 1464 et
496 1432 660 1474 theologiae
686 1432 821 1464 moralis.
850 1432 870 1473 †
897 1432 944 1464 21.
974 1432 1046 1464 Jan.
1076 1432 1162 1464 1737.

290 1487 426 1517 Joannes
448 1488 573 1524 neuter,
596 1486 644 1518 13.
668 1485 738 1518 Oet.
764 1486 842 1517 1680
863 1485 896 1517 in
920 1485 1073 1517 comitatu
1096 1485 1230 1517 Luxem-

207 1529 352 1572 burgensi
380 1533 484 1570 natus,
514 1530 667 1563 admissus
697 1531 744 1562 22.
767 1530 841 1572 Maj.
866 1530 954 1568 1706,
985 1529 1093 1561 docuit
1120 1529 1230 1561 huma-

206 1574 303 1614 niora,
335 1574 575 1617 philosophiam,
608 1575 742 1616 denique
773 1575 792 1606 8
823 1574 913 1606 annis
944 1573 1133 1616 theologiam
1165 1584 1230 1606 mo-

206 1619 303 1651 ralem
325 1619 470 1659 Treviris,
494 1619 549 1652 ubi
569 1620 589 1662 †
611 1620 658 1652 21.
682 1619 754 1652 ι1311.
779 1619 867 1651 1752.

286 1673 466 1704 Ε11111111111115
486 1674 566 1710 voit,
586 1676 652 1705 nat.
674 1673 722 1705 27.
744 1673 804 1714 Sep
807 1676 829 1705 t.
852 1672 929 1704 1707
951 1671 1114 1704 Neostadii
1134 1672 1230 1713 (Neu-

207 1716 307 1758 stadt)
335 1717 376 1749 ad
403 1716 518 1755 Salam,
547 1717 625 1759 ingr.
655 1718 703 1749 11.
732 1683 804 1749 Julp
827 1718 913 1755 1727,
943 1716 1040 1748 lector
1068 1716 1230 1758 theologiae

207 1761 332 1794 moralis
346 1761 517 1804 Herbipoli,
532 1765 634 1794 rector
647 1761 821 1794 novitiatus
835 1761 1012 1803 Moguntini
1027 1764 1059 1793 et
1072 1762 1119 1793 21.
1135 1761 1228 1794 Mart.

207 1806 284 1838 1771
309 1806 513 1839 Provincialis
539 1806 642 1839 Rheni
667 1806 848 1848 Superioris.
875 1806 895 1848 †
921 1806 967 1838 29.
996 1805 1064 1838 Oct.
1093 1806 1179 1839 1780.

531 1910 567 1940 In
585 1910 727 1940 restituta
748 1910 908 1941 societate.

286 1971 422 2003 Joannes
436 1970 543 2002 Petrus
553 1970 648 2012 θανῇ,
662 1973 728 2002 nat.
743 1970 791 2003 23.
806 1970 878 2002 Jan.
893 1970 980 2008 1801,
994 1970 1072 2012 ingr.
1087 1971 1133 2002 22.
1148 1970 1227 2013 Aug.

208 2016 295 2054 1824,
317 2015 472 2057 professor
492 2014 525 2046 in
546 2014 631 2054 Vals,
653 2018 796 2047 mortuus
817 2015 850 2046 in
872 2015 1033 2054 Mercceur,
1056 2015 1131 2047 dum
1152 2025 1229 2057 pree-

208 2059 336 2092 dicabat
358 2059 537 2092 missionem
561 2059 581 2101 †
606 2060 653 2092 18.
679 2059 754 2101 Apr.
781 2060 868 2091 1866.

286 2115 440 2145 Antonius
458 2114 613 2150 Ballerini‚
631 2116 697 2145 nat.
718 2112 866 2145 Bononiae
885 2113 931 2144 10.
952 2112 1021 2145 Oct.
1042 2113 1130 2153 1805,
1149 2113 1227 2155 ingr

209 2158 256 2191 13.
279 2158 349 2191 Oct.
371 2158 450 2190 1826
470 2157 615 2199 (Romae).
637 2157 657 2200 †
678 2157 787 2189 Romae
807 2158 855 2190 27.
878 2157 958 2189 Nov.
981 2158 1068 2190 1881.

311 2259 350 2294 d.
372 2259 686 2302 Interpretatio
710 2259 855 2292 Saerae
878 2258 1130 2301 Scripturae.

287 2330 481 2363 Jommes
511 2329 802 2370 Maldonatus,
839 2332 933 2361 natus
965 2329 1043 2361 1534
1075 2330 1243 2362 Domibus-

207 2374 320 2417 reginae
339 2374 413 2415 (Las
433 2383 521 2406 casas
541 2373 579 2406 de
598 2372 630 2405 la
649 2373 762 2414 Reina)
783 2373 816 2405 in
836 2373 1069 2413 Estremadura,
1091 2375 1138 2406 10.
1148 2374 1227 2416 Aug.

209 2419 285 2451 1562
310 2418 465 2460 ingressus
491 2418 608 2456 Romae,
636 2417 676 2450 ab
702 2428 730 2450 a.
757 2418 835 2450 1563
860 2418 957 2450 lector
982 2418 1146 2460 theologiae
1170 2419 1229 2451 Pa—

207 2463 296 2501 risiis,
320 2462 453 2505 denique
475 2472 494 2494 a
515 2462 662 2504 Gregorio
683 2462 778 2495 XIII.
802 2463 937 2495 Romam
959 2466 1090 2495 vocatus
1113 2467 1169 2502 est,
1193 2467 1230 2496 ut

209 2518 334 2550 operam
356 2517 445 2539 suam
467 2507 620 2539 conferret
640 2507 674 2539 in
695 2517 810 2539 novam
833 2507 1000 2540 editionem
1022 2508 1230 2550 Septuaginta

208 2552 426 2594 interpretum.
493 2551 656 2593 Optimum
694 2551 761 2593 ejus
804 2562 881 2593 opus
919 2555 967 2584 est
1006 2552 1229 2594 Interpretatio

209 2597 227 2628 4
246 2595 498 2639 Evangeliorum.
520 2596 540 2637 †
560 2596 669 2628 Romae
688 2596 716 2628 5.
739 2596 811 2629 Jan.
834 2596 921 2629 1583.

287 2651 463 2688 Alphonsus
500 2650 668 2686 salmeron‚
701 2649 802 2681 Toleti
833 2653 927 2681 natus
959 2650 987 2682 8.
1021 2650 1106 2692 Sept.
1141 2650 1228 2689 1515,

209 2704 288 2726 unus
314 2704 353 2726 ex
377 2692 485 2735 primis
509 2693 540 2726 S.
568 2693 684 2735 Ignatii
709 2693 808 2726 sociis.
859 2694 990 2736 Scripsit
1014 2694 1047 2726 in
1073 2694 1111 2726 16
1137 2695 1229 2727 tomis

207 2737 499 2780 interpretationem
518 2738 593 2770 novi
611 2738 794 2770 testamenti
811 2738 911 2780 magis
931 2738 971 2770 ad
989 2738 1123 2770 formam
1143 2739 1230 2771 theo-

208 2782 297 2825 logiae
316 2781 446 2814 biblicae.
467 2781 487 2824 †
507 2782 639 2824 Neapoli
659 2783 706 2814 13.
727 2782 801 2815 Feb.
824 2782 912 2816 1585.

288 2836 468 2866 Franciscus
492 2836 529 2866 de
553 2836 675 2872 Ribera,
700 2839 766 2868 nat.
793 2836 870 2867 1537
895 2835 1092 2868 Villacastini
1116 2836 1149 2868 in
1175 2836 1237 2869 Ca:

209 2879 302 2918 stilia,
328 2879 407 2921 ingr.
434 2879 511 2911 1537
537 2879 679 2911 sacerdos
706 2880 745 2911 30
772 2890 869 2912 annos
895 2884 999 2919 natus,
1028 2880 1135 2912 docuit
1162 2891 1230 2913 exe-

208 2924 294 2966 gesin
327 2923 526 2956 Salmanticae
559 2924 597 2955 16
631 2924 729 2963 annis,
765 2924 968 2957 confessarius
1002 2925 1032 2957 S.
1068 2925 1228 2958 Theresiae.

209 2968 337 3000 Eminet
368 2968 435 3010 ejus
468 2968 715 3000 Commentarius
747 2969 780 3001 in
813 2969 850 3001 12
883 2969 1052 3011 prophetas
1084 2970 1228 3003 minores.

209 3012 229 3054 †
251 3012 450 3046 Salmanticae
473 3022 571 3045 3111105
594 3012 634 3044 54
656 3016 750 3045 natus
774 3014 822 3046 24.
848 3013 929 3047 Nov.
955 3014 1042 3046 1591.

688 3101 748 3135 619

1360 350 1570 387 Hieronymus
1597 351 1706 387 Prado,
1731 352 1826 382 natus
1842 349 1919 381 1547
1946 350 2056 382 Baezae
2080 349 2114 382 in
2141 350 2304 392 Hispania,

1280 393 1419 425 novitius
1438 393 1527 433 1572,
1547 394 1698 426 Cordubae
1715 404 1770 435 per
1787 404 1885 427 annos
1903 395 1942 426 16
1960 394 2138 436 explicabat
2154 395 2185 427 S.
2204 395 2304 436 Scrip-

1281 441 1394 470 turam.
1443 438 1520 470 Cum
1544 438 1579 471 P
1591 438 1789 480 Villalpando
1815 449 1940 480 operam
1965 439 2173 471 conferebat'
2164 449 2197 471 111
2211 439 2306 472 inter-

1279 482 1471 524 pretationes
1494 483 1660 525 Prophetae
1682 483 1852 515 Ezechielis
1874 484 1894 525 †
1917 484 2026 516 Romae
2048 484 2096 516 23.
2120 484 2192 516 Jan.
2217 484 2304 517 1595.

1358 544 1621 577 Franciscus
1657 544 1833 577 Toletus
1877 545 1954 586 (vid.
1996 545 2101 577 Theol.
2136 545 2280 579 scholast.
2284 546 2305 588 ),

1280 599 1298 620 a
1312 589 1459 631 Gregorio
1473 589 1561 621 XIV.
1577 588 1736 620 consultor
1749 589 2003 631 Congregationis
2016 600 2072 631 pro
2087 590 2306 623 emendatione

1279 633 1422 675 Vulgatae
1446 637 1568 666 creatus
1592 636 1649 672 est,
1675 636 1707 665 et
1730 632 1869 666 Clemens
1893 634 1985 667 VIII.
2010 635 2141 667 eandem
2164 645 2230 667 rem
2253 645 2306 667 cu-

1278 678 1410 710 randam
1439 678 1499 720 ipsi
1529 678 1592 710 fere
1622 680 1725 709 totam
1755 678 1919 711 commisit.
1980 679 2121 721 Reliquit
2150 689 2306 712 commen-

1278 722 1374 758 tarios
1401 722 1434 754 in
1460 722 1668 764 Evangelium
1695 722 1725 754 S.
1753 722 1895 762 Joannis,
1921 723 1955 755 in
1977 724 2014 755 12
2041 723 2181 765 capitula
2201 723 2307 756 Evan-

1278 767 1350 809 gelii
1360 767 1390 799 S.
1402 767 1495 799 Lucae
1505 770 1538 799 et
1547 767 1580 798 in
1591 766 1756 808 epistolam
1766 767 1796 799 S.
1807 767 1899 799 Pauli
1910 768 1950 800 ad
1961 768 2130 801 Romanos.
2141 768 2161 810 †
2172 768 2220 801 14.
2232 769 2307 811 Sep-

1280 811 1410 844 tembris
1435 812 1523 844 1596.

1358 866 1544 896 Emmanuel
1569 866 1618 902 Sa,
1638 867 1704 896 nat.
1726 864 1805 896 1530
1824 864 2051 904 in-Lusitania,
2073 865 2103 898 S.
2126 865 2156 898 J.
2180 867 2207 898 7.
2228 866 2305 908 Apr.

1280 909 1366 948 1545,
1393 909 1517 941 studuit
1540 909 1638 941 literis
1663 909 1875 948 Conimbricae,
1901 909 2009 941 docuit
2023 909 2150 949 ibidem,
2176 910 2308 943 Gandiae

1279 957 1311 986 et
1340 954 1499 995 Compluti
1533 953 1778 996 philosophiam3
1817 953 1888 986 dein
1928 954 2036 986 Romae
2073 955 2230 996 professus
2260 959 2308 988 est

1279 999 1309 1031 S.
1327 999 1440 1040 Script.
1459 1002 1491 1031 et
1508 1009 1526 1030 a
1542 998 1631 1030 Sixto
1648 998 1685 1030 V.
1703 997 1736 1030 in
1753 998 1949 1030 emendanda
1965 999 2102 1040 Vulgata
2119 1003 2306 1041 occupatus3

1278 1043 1427 1120 {zndssvit
1451 1043 1625 1120 qqrggilures
1650 1043 1757 1075 domos
1781 1043 1815 1075 in
1839 1043 1996 1085 superiore
2022 1043 2125 1076 Italia.
2151 1043 2171 1086 †
2194 1044 2308 1077 Aronae

1320 1114 1326 1120 .
1385 1098 1427 1120 ec.
1535 1114 1541 1120 .

1357 1140 1516 1173 Martinus
1547 1140 1702 1172 Antonius
1734 1140 1847 1180 Delrio,
1879 1144 1973 1174 natus
2003 1141 2185 1184 Antverpiae
2216 1142 2306 1182 1551,

1278 1185 1477 1218 Salmanticae
1501 1186 1611 1218 doctor
1635 1185 1722 1224 1574,
1746 1189 1857 1227 postea
1879 1185 2155 1219 Vicecancellarius
2179 1189 2212 1219 et
2234 1197 2305 1229 pro-

1279 1234 1404 1262 curator
1430 1230 1581 1272 generalis
1608 1230 1642 1262 in
1670 1230 1796 1262 consilio
1826 1230 2014 1270 Brabantiae,
2044 1230 2122 1263 1580
2148 1230 2304 1273 ingressus

1278 1275 1477 1314 Societatem,
1503 1275 1602 1307 lector
1628 1278 1696 1307 erat
1712 1275 1813 1308 Sacrae
1838 1274 2007 1317 Scripturae
2029 1275 2140 1315 Duaci,
2163 1275 2304 1308 Salman-

1278 1319 1357 1358 ticae,
1377 1319 1445 1352 aliis
1463 1319 1496 1351 in
1514 1319 1598 1352 locis.
1618 1319 1637 1361 †
1655 1319 1788 1351 Lovanii
1807 1320 1854 1352 19.
1875 1319 1944 1352 Oct.
1965 1320 2053 1353 1608.

1361 1383 1410 1414 Jo.
1430 1383 1466 1414 B.
1486 1382 1696 1419 villalpandus
1715 1381 1931 1421 Cordubensis,
1952 1385 2017 1415 nat.
2039 1382 2117 1414 1552
2137 1386 2194 1415 aut
2213 1382 2302 1422 1555,

1275 1426 1388 1458 habilis
1411 1425 1610 1465 architectus,
1631 1425 1710 1467 ingr.
1733 1426 1780 1458 10.
1796 1426 1876 1468 Aug.
1893 1427 1980 1459 1575.
2024 1427 2125 1468 Ipsius
2147 1430 2179 1460 et
2199 1427 2304 1460 Patris

1275 1470 1427 1502 Pradonis
1470 1470 1596 1503 nomine
1638 1470 1822 1512 prodierunt
1860 1471 2138 1513 Interpretationes
2174 1471 2302 1505 Ezechi-

1276 1515 1330 1547 elis
1351 1515 1522 1557 prophetae.
1546 1515 1566 1557 †
1589 1515 1698 1547 Romae
1720 1516 1768 1548 22.
1791 1515 1866 1557 Maj.
1891 1516 1979 1548 1608.

1355 1574 1499 1603 Nicolaus
1521 1574 1668 1610 serarius,
1686 1572 1714 1604 5.
1734 1573 1808 1605 Dec.
1829 1572 1906 1604 1555
1923 1575 2017 1605 natus
2035 1572 2068 1604 in
2085 1582 2167 1615 pago
2184 1572 2303 1605 Lotha-

1275 1616 1381 1658 ringiae
1404 1616 1656 1655 Rambervillers,
1678 1617 1757 1659 ingr.
1780 1617 1809 1649 3.
1831 1617 1924 1650 Mart.
1949 1617 2036 1656 1573,
2060 1617 2168 1649 docuit
2190 1617 2303 1650 Herbi-

1275 1661 1340 1703 poli
1352 1661 1582 1703 philosophiam
1596 1665 1628 1693 et
1641 1661 1840 1703 theologiam,
1855 1665 1888 1694 et
1898 1671 1954 1703 per
1967 1662 2005 1693 20
2018 1662 2081 1694 fere
2094 1671 2192 1694 annos
2204 1661 2304 1694 lector

1276 1706 1338 1738 fuit
1357 1706 1388 1739 S.
1410 1706 1579 1747 Scripturae
1600 1706 1763 1748 Herbipoli
1783 1709 1816 1738 et
1835 1706 2014 1748 Moguntiae.
2055 1706 2186 1748 Scripsit
2208 1707 2302 1745 „Pro-

1276 1750 1438 1792 legomena
1459 1750 1575 1782 biblica
1597 1754 1630 1783 et
1652 1751 1877 1783 commentaria
1897 1751 1930 1783 in
1954 1761 2060 1783 omnes
2082 1750 2229 1792 epistolas
2253 1761 2302 1783 63-

1275 1795 1435 1834 110111635“,
1458 1795 1684 1837 interpretatus
1707 1798 1755 1827 est
1775 1795 1870 1827 libros
1893 1795 2015 1838 aliquot
2036 1795 2073 1828 V.
2097 1795 2300 1835 Testamenti,

1276 1839 1436 1881 complura
1463 1839 1647 1881 conscripsit
1673 1839 1837 1872 historiam
1865 1839 2106 1872 ecclesiasticam
2132 1840 2302 1882 Moguntiae

1273 1884 1473 1917 illustrantia.
1495 1884 1515 1926 †
1534 1884 1651 1917 ibidem
1671 1885 1718 1917 29.
1738 1888 1794 1917 aut
1812 1885 1860 1917 30.
1881 1884 1955 1926 Maj.
1977 1885 2064 1917 1609.

1354 1947 1537 1977 Benedictus
1559 1947 1708 1984 Peterius,
1731 1946 1890 1989 (Pereira),
1913 1949 2007 1978 natus
2030 1945 2113 1978 circa
2135 1946 2213 1978 1535
2237 1946 2301 1978 Ru-

1274 1990 1351 2022 zafae
1382 2000 1478 2031 prope
1511 1990 1699 2030 Valentiam,
1732 1991 1871 2023 novitius
1904 1990 1992 2030 1552,
2025 1990 2134 2023 docuit
2165 1990 2301 2032 philoso-

1273 2034 1390 2076 phiam,
1417 2034 1605 2077 theologiam
1631 2038 1663 2067 et
1687 2035 1839 2077 exegesin.
1890 2035 1977 2067 Inter
2001 2034 2064 2067 alia
2086 2038 2202 2067 notatu
2227 2038 2302 2067 sunt

1274 2079 1374 2121 dignae
1400 2079 1496 2120 ipsius
1523 2080 1796 2122 interpretationes
1823 2080 1976 2113 Geneseos
2003 2082 2036 2112 et
2061 2079 2203 2112 Danielis
2229 2089 2301 2122 pro-

1274 2124 1388 2165 phetae.
1408 2124 1557 2165 †Romae
1576 2124 1604 2156 6.
1624 2124 1717 2157 Mart.
1739 2125 1826 2157 1610.

1352 2182 1525 2213 Ludovieus
1550 2183 1691 2219 Alcazar‚
1718 2181 1796 2214 1554
1823 2181 1946 2223 Hispali
1971 2183 2076 2220 natus,
2103 2181 2182 2224 ingr.
2210 2181 2298 2221 1569,

1273 2225 1371 2257 lector
1389 2225 1593 2267 philosophiae
1613 2229 1646 2258 et
1664 2236 1720 2268 per
1738 2226 1872 2268 amplius
1892 2227 1931 2258 20
1951 2236 2049 2258 annos
2068 2226 2099 2258 S.
2120 2225 2300 2267 Scripturae

1275 2270 1426 2302 Cordubae
1446 2274 1478 2302 et
1498 2270 1621 2312 Hispali
1639 2270 1801 2312 interpres.
1842 2271 2006 2303 Laudatur
2025 2270 2123 2312 ipsius
2144 2280 2301 2303 commen-

1275 2315 1373 2347 tarius
1391 2315 1424 2346 in
1440 2315 1662 2357 Apocalypsin.
1680 2315 1700 2357 †
1717 2316 1764 2348 16.
1783 2315 1857 2348 Jun.
1876 2315 1964 2347 1613.

1353 2371 1431 2404 Ven.
1452 2373 1604 2403 Robertus
1622 2374 1837 2410 Benarminus,
1856 2372 1941 2414 (vide
1955 2372 2059 2405 Theol.
2078 2371 2215 2414 polem.).
2235 2372 2301 2405 Sub

1275 2416 1421 2458 Gregorio
1442 2416 1530 2448 XIV.
1554 2420 1587 2449 et
1607 2416 1765 2449 Clemente
1775 2417 1865 2450 VIII.
1888 2417 2014 2449 videtur
2034 2416 2180 2449 habuisse
2202 2416 2301 2449 maxi-

1275 2471 1359 2492 mam
1385 2464 1508 2502 partem
1534 2460 1567 2493 in
1595 2461 1790 2493 emendanda
1816 2461 1961 2504 Vulgata.
1989 2461 2115 2493 Mortuo
2143 2460 2253 2494 Toleto
2282 2472 2301 2494 a

1275 2504 1433 2537 Clemente
1458 2505 1546 2537 VIII.
1574 2505 1708 2538 Romam
1733 2509 1863 2538 vocatus
1889 2509 1944 2545 est,
1971 2509 2008 2538 ut
2030 2505 2084 2538 isti
2108 2505 2298 2539 succederet.

1275 2549 1295 2591 †
1315 2550 1362 2581 17.
1383 2550 1469 2591 Sept.
1491 2550 1578 2582 1621.

1355 2604 1538 2635 Benedictus
1581 2604 1748 2634 Justiniani
1786 2603 2013 2645 (Giustiniani),
2052 2606 2146 2635 natus
2184 2603 2301 2635 Genuae

1277 2648 1364 2686 1550,
1385 2647 1463 2689 ingr.
1485 2648 1563 2679 1567
1585 2648 1703 2686 Romae,
1725 2647 1833 2680 docuit
1851 2647 2039 2680 rhetoricam
2059 2650 2091 2679 et
2111 2647 2299 2689 theologiam

1276 2692 1403 2731 Tolosae,
1425 2692 1585 2731 Messanae,
1608 2692 1725 2731 Romae,
1748 2692 1810 2724 fuit
1830 2692 1991 2734 theologus
2012 2691 2184 2724 Cardinalis
2204 2691 2299 2733 legati

1276 2736 1420 2778 Cajetani
1442 2736 1476 2768 in
1499 2736 1638 2768 Polonia.
1663 2736 1769 2778 Magni
1791 2736 1831 2768 fit
1855 2736 1921 2778 ejus
1944 2735 2162 2778 interpretatio
2186 2736 2299 2777 episto-

1276 2780 1377 2812 larum
1396 2781 1426 2813 S.
1446 2780 1548 2813 Pauli.
1568 2780 1588 2822 †
1607 2781 1716 2813 Romae
1736 2781 1784 2813 19.
1803 2781 1879 2813 Dec.
1900 2781 1987 2813 1622.

1354 2839 1507 2876 Gasparus
1535 2840 1675 2869 sanctius
1697 2837 1822 2879 (Sancio
1845 2837 1896 2870 vel
1917 2837 2079 2880 Sanchez),
2104 2837 2182 2869 1554
2204 2840 2298 2870 natus

1276 2882 1409 2914 Centum
1427 2882 1581 2914 Fontibus
1600 2882 1633 2914 in
1643 2882 1772 2915 Castilia
1790 2881 2044 2924 (Cienpocuelos),
2064 2882 2142 2923 ingr.
2163 2882 2210 2914 22.
2221 2881 2296 2915 Feb.

1277 2927 1364 2965 1571,
1390 2926 1499 2958 docuit
1523 2926 1630 2958 multis
1656 2926 1745 2959 annis
1770 2926 1964 2965 humaniora,
1991 2929 2024 2958 et
2047 2926 2078 2958 S.
2104 2926 2298 2968 Scripturam

1277 2970 1427 3012 explicuit
1446 2971 1604 3012 Compluti
1623 2974 1655 3003 et
1673 2971 1706 3003 in
1726 2970 1794 3003 aliis
1814 2970 1979 3009 cathedris,
2000 2970 2124 3012 scripsit
2143 2980 2298 3003 commen-

1277 3015 1372 3047 tarios
1391 3015 1424 3047 in
1443 3015 1559 3047 multos
1577 3015 1672 3048 libros
1683 3015 1753 3048 Vct.
1765 3015 1966 3048 Testamenti.
1986 3014 2006 3057 ’1-
2024 3014 2146 3048 Matriti
2165 3015 2212 3048 16.
2234 3015 2297 3047 No-

1276 3059 1413 3092 vembris
1436 3060 1524 3092 1628.
1797 3103 1818 3136 Ο
