2372 3550
290 298 426 329 Historia
447 298 704 335 contemporanea

829 276 947 306 Summi
968 275 1143 312 Pontifices,

815 321 943 350 Litterae
963 320 1152 356 Apostolieae

1225 277 1387 312 Praepositi
1408 277 1439 306 et
1459 276 1714 312 congregationes

1388 321 1550 350 Generales

1924 298 2024 334 Italia,
2044 299 2142 328 Gallia

220 426 378 457 1649—60
401 425 540 457 Rebellio
563 426 765 467 republicana

239 470 271 501 in
281 470 402 511 Anglia.
434 470 639 503 Cromwellus.

799 426 885 458 1649.
915 426 942 458 1.
971 426 1064 458 Mart.
1093 425 1171 457 Am'-
1204 425 1506 466 Piccolomini‚

818 480 936 502 marum
957 470 1061 502 saluti:
1085 473 1171 500 Reno-

821 516 921 540 vantur
955 514 990 540 ad
1022 514 1056 540 20
1088 522 1172 540 annos

820 549 964 576 facultates
977 549 1003 576 S.
1018 550 1044 576 J.
1059 550 1086 575 in
1100 552 1172 576 utra-

823 593 874 619 que
900 585 979 613 India
1003 585 1037 611 ab
1063 585 1172 612 Urbano

821 621 898 648 VIII.
918 628 1047 647 concessae
1065 621 1111 656 (cf.
1130 621 1171 648 15.

822 657 894 691 Sept.
913 656 1000 691 1629).

226 1894 313 1927 1650.
330 1896 377 1927 11.
393 1895 483 1927 Febr.
502 1896 522 1937 †
538 1895 679 1927 Renatus
695 1894 767 1926 Car-
803 1894 890 1927 1650.
909 1895 956 1927 20.
974 1895 1049 1928 Dec.
1067 1895 1109 1928 In
1124 1906 1175 1927 su-

246 1939 351 1979 tesius‚
374 1940 586 1982 philosophus¹
605 1939 765 1971 rationali-

246 1988 307 2023 sta3
331 1988 366 2016 at
380 1984 621 2017 mathematicus
641 1987 673 2016 et
687 1984 767 2025 phy-

246 2028 326 2061 sicus
348 2029 466 2071 optime
486 2029 625 2061 meritus.

230 2740 424 2773 1651—1652
445 2740 611 2772 Conversio
632 2739 769 2781 complu-

248 2785 328 2817 rium
350 2785 526 2826 principum
548 2785 581 2816 in
603 2784 770 2816 Germania

249 2830 300 2869 (ut
313 2829 334 2861 J
336 2839 362 2862 o.
371 2829 518 2861 Friderici
532 2829 571 2861 de
583 2828 768 2866 Hannover;

249 2873 384 2913 Ernesti,
408 2873 591 2915 Lantgravii
621 2873 659 2905 de
690 2873 770 2904 Has-

249 2918 305 2957 sia‚
328 2918 481 2960 aliorum).

477 3095 536 3127 194

822 1939 1028 1980 peremmemi:
1035 1943 1077 1970 Ad
1084 1951 1175 1970 sexen-

824 1983 1021 2046 iliuffiipetedltg
1027 1992 1087 2018 rege
1093 1984 1175 2046 caltjh...

824 2027 901 2081 rssflffi
911 2027 1050 2089 asgrfflpupr
1066 2028 1117 2082 figo
1129 2028 1176 2090 qiii

825 2091 979 2117 studuerint
1001 2099 1085 2118 annos
1108 2091 1124 2117 5
1146 2091 1175 2117 in

825 2128 853 2153 c.
865 2127 891 2154 S.-
905 2127 932 2154 J.
946 2127 1093 2154 insularum
1105 2127 1176 2153 Phil-

825 2162 986 2197 ippincmm,
1007 2171 1038 2189 ac
1048 2162 1080 2189 dc
1091 2162 1175 2194 chile,

826 2198 979 2230 Tucuman,
1018 2198 1098 2229 fluvii
1142 2198 1175 2224 de

826 2234 906 2261 Plata
924 2235 975 2261 etc.

964 3093 1023 3126 195

1228 470 1318 510 (1582
1331 470 1417 502 Senis
1431 474 1533 509 natus⁷
1545 471 1622 512 ingr.
1632 471 1732 512 1600),

1225 515 1278 556 qui
1301 515 1405 546 fuerat
1422 514 1519 547 lector
1534 515 1736 557 philosophiae

1223 563 1255 591 et
1262 559 1425 601 theologiae
1433 563 1464 591 et
1470 560 1653 601 praepositus
1661 560 1735 591 Pro-

1223 604 1397 636 vinciamm
1428 604 1588 643 Romanae,
1620 604 1735 636 Medio-

1223 649 1366 687 lanensis,
1388 648 1525 691 Venetae,

1224 694 1311 725 1649.
1349 694 1396 725 21.
1430 694 1504 726 Dec.
1539 693 1653 725 electus
1687 696 1735 724 est

1226 737 1360 772 suffragiis
1372 737 1405 763 59
1417 746 1450 764 ex
1462 737 1504 769 80,
1516 738 1660 772 postquam
1672 736 1738 763 elec-

1227 775 1265 800 tio
1286 774 1314 800 in
1335 773 1417 800 dubio
1437 773 1491 799 fuit
1511 773 1581 799 inter
1600 773 1689 807 ipsum
1710 774 1738 798 et

1228 809 1362 836 Vicarium
1388 809 1545 844 generalem,
1574 808 1737 834 Florentium

1227 845 1477 876 Montmoranoium,
1487 845 1662 871 Assistentem
1678 844 1739 870 Ger-

1228 890 1331 909 mamae.

1208 1096 1394 1129 Decreta
1407 1095 1488 1127 lx.
1498 1095 1736 1136 congrega-

1228 1140 1384 1173 tionis:

1207 1202 1230 1228 1.
1249 1200 1449 1235 perturbatores
1480 1201 1621 1226 censentur
1652 1201 1680 1225 et
1710 1200 1741 1224 ut

1249 1237 1317 1264 tales
1322 1236 1457 1278 ‘puniendi
1467 1238 1539 1267 sunt,
1553 1235 1599 1270 qui
1609 1242 1741 1261 novarum

1249 1272 1450 1300 Provmciarum
1479 1271 1624 1298 erectiones
1654 1272 1741 1297 extor-

1249 1317 1328 1344 quere
1343 1310 1486 1340 conantum

1207 1363 1230 1389 2.
1250 1361 1362 1397 professi
1375 1369 1430 1387 non
1445 1360 1521 1392 fient,
1537 1360 1589 1386 nisi
1604 1359 1649 1393 qui
1665 1366 1742 1393 supe-

1249 1399 1310 1424 rent
1326 1396 1540 1423 mediocritatem
1558 1403 1586 1422 m
1604 1395 1717 1426 virtute;

1207 1451 1231 1477 3.
1248 1450 1349 1477 litaniis
1374 1449 1557 1484 adjungantur
1581 1449 1659 1475 certae
1684 1455 1741 1482 pre-

1250 1494 1292 1512 ces
1312 1486 1340 1512 in
1359 1486 1488 1512 honorem
1508 1485 1540 1511 B.
1561 1484 1597 1511 M.
1618 1484 1664 1515 V.;

1207 1539 1231 1565 4.
1249 1538 1349 1573 ubique
1359 1540 1387 1565 et
1394 1539 1422 1565 in
1432 1537 1555 1565 omnibus
1564 1537 1632 1564 ritus
1642 1537 1740 1563 Roma-

1249 1582 1300 1601 nus
1321 1576 1362 1601 est
1382 1573 1577 1605 observandus;

1207 1628 1231 1655 5.
1249 1627 1278 1654 in
1291 1627 1460 1662 philosophia
1471 1628 1500 1653 et
1510 1625 1646 1661 theologia
1657 1633 1691 1652 ne
1703 1626 1742 1652 in-

1249 1663 1329 1693 utiles
1352 1662 1512 1697 quaestiones
1533 1663 1697 1694 tractentun

1207 1716 1231 1743 6.
1250 1716 1435 1743 executionem
1450 1716 1644 1750 praeceptorum
1659 1715 1743 1742 Gene-

1249 1752 1312 1778 ralis
1316 1753 1462 1787 urgeatper
1466 1751 1577 1778 selectos
1583 1751 1745 1786 Superiorem

1208 1804 1231 1832 7.
1249 1804 1365 1838 insignes
1392 1804 1422 1830 in
1448 1803 1541 1839 lingua
1568 1811 1654 1838 graeca
1682 1811 1742 1830 cum

1249 1839 1397 1866 sufficienti
1404 1840 1504 1866 notitia
1512 1839 1651 1871 hebraicae,
1661 1847 1754 1874 quam-

1250 1875 1290 1902 vis
1316 1875 1461 1902 mediocres
1486 1875 1514 1902 in
1539 1875 1683 1910 theologia,
1708 1875 1743 1901 ad

1250 1911 1440 1946 professionem
1455 1911 1607 1946 promoveri
1621 1912 1742 1946 possunt.

1552 428 1731 457 Franciseus
1767 427 1844 458 1649
1874 426 1945 458 Toti
1972 436 2059 467 paene
2089 426 2218 458 Civitati
2247 427 2309 458 Ra-

1785 470 1960 502 vennatensi
1985 471 2150 512 aegrotanti
2163 471 2224 503 ΡΡ.
2242 471 2310 503 Col-

1786 515 1857 556 legii
1868 515 2091 547 ministrabant
2104 519 2308 548 sacramenta.

1787 559 1880 591 Multi
1902 560 1966 601 jam
1990 559 2085 591 morti
2107 560 2241 600 proximi
2264 570 2310 592 re-

1786 603 1890 645 liquiis
1912 604 2098 636 Sanctorum
2122 604 2152 636 S.
2177 604 2206 636 J.
2232 605 2310 636 tacti

1788 648 1980 680 convaluere.

1771 826 1848 857 1650
1867 825 1955 857 Unus
1975 829 2101 857 tantum
2121 826 2259 858 novitius
2278 826 2311 858 in

1790 872 1839 902 Pr.
1852 870 1990 901 Romana
2002 870 2154 902 admissus
2167 874 2223 910 est,
2238 871 2312 912 quia

1789 914 1929 955 pluribus
1950 924 2006 956 per
2029 915 2246 947 Innocentium
2268 915 2310 948 X.

1789 958 1976 991 Pontificem
2019 969 2082 990 non
2115 959 2239 992 licebat.
2273 978 2312 982 —

1790 1003 1876 1035 Nulli
1897 1003 2051 1035 sacerdoti
2072 1003 2224 1035 desidioso
2247 1014 2312 1036 esse

1789 1048 1879 1080 licuit
1908 1058 1927 1080 a
1948 1048 2158 1080 Sacramentis
2181 1048 2313 1080 admini-

1790 1092 1935 1131 strandis,
1977 1102 2048 1124 cum
2089 1093 2222 1124 Romam
2261 1093 2312 1125 hic

1791 1147 1891 1169 annus
1929 1140 2055 1168 sanctus
2103 1137 2315 1169 incredibilem

1791 1181 2055 1223 peregrinantium
2080 1181 2315 1213 multitudinem

1793 1237 1831 1258 ex
1841 1226 1935 1258 variis
1945 1225 2124 1258 nationibus
2136 1226 2313 1258 adduceret.

1793 1290 1831 1293 —
1858 1270 2061 1313 Congregatio
2088 1270 2221 1302 dolentis
2247 1271 2316 1303 Vir-

1792 1315 1881 1357 ginis,
1899 1315 1948 1347 oui
1963 1315 1996 1346 in
2011 1317 2043 1348 Ο.
2060 1315 2202 1347 Romano
2219 1325 2238 1347 a
2252 1315 2316 1357 pie-

1793 1363 1860 1392 tate
1874 1369 1988 1391 nomen
2003 1363 2059 1399 est,
2074 1359 2108 1391 in
2121 1359 2315 1401 generalibus

1794 1404 2063 1436 communionibus
2091 1404 2181 1436 facile
2209 1414 2316 1436 nume-

1792 1449 1876 1481 ravit
1884 1448 1953 1490 plus
1962 1449 2019 1480 142
2030 1448 2166 1480 millibus
2177 1449 2315 1490 capitum

1793 1494 1834 1525 ad
1854 1503 1994 1525 mensam
2015 1493 2272 1526 Eucharisticam.

1777 1893 1854 1927 1650
1879 1894 1917 1926 In
1932 1893 2087 1926 Flexiensi
2104 1893 2269 1934 (Franciae)
2285 1896 2317 1927 0.

1795 1940 1834 1971 ab
1876 1949 1938 1971 uno
1977 1938 2138 1971 sacerdote
2177 1938 2219 1970 ad
2256 1938 2318 1970 hoc

1795 1983 1924 2022 delecto,
1957 1983 2088 2016 statutis
2122 1982 2318 2025 temporibus

1795 2029 1875 2060 cirea
1899 2028 1976 2060 1500
1988 2037 2139 2070 pauperes
2164 2027 2318 2069 evangeli-

1794 2076 1915 2105 zantur.

1209 2250 1296 2282 1650.
1332 2250 1380 2282 28.
1407 2250 1476 2282 Oct.
1505 2250 1664 2291 Epistola:
1699 2253 1740 2279 De
1774 2250 1852 2282 1650
1876 2252 1926 2283 Pr.
1952 2250 2073 2289 Veneta,
2099 2250 2149 2282 cui
2171 2249 2274 2282 invita
2298 2259 2317 2281 a

1230 2293 1350 2320 utilitate
1362 2295 1390 2320 et
1399 2293 1559 2320 necessitate
1569 2293 1741 2321 executionis.

1210 2738 1296 2771 1651.
1317 2739 1364 2770 17.
1385 2738 1458 2770 Jun.
1480 2737 1500 2780 †
1518 2740 1740 2771 Franeffliceo-

1229 2784 1346 2815 lomini.

1446 3091 1505 3124 196

1793 2305 1881 2327 sacra
1908 2294 2118 2327 Cardinalium
2146 2294 2316 2336 Congrega-

1793 2340 1878 2371 tione
1902 2349 1929 2372 a.
1952 2339 2030 2371 1639
2056 2349 2170 2371 munus
2198 2338 2316 2371 confes-

1793 2384 1866 2416 sarii
1889 2383 2037 2416 ordinarii
2058 2383 2092 2415 in
2115 2382 2316 2425 Carpensium

1793 2427 2077 2461 sanctimonialium
2098 2427 2239 2460 coenobio
2259 2426 2316 2458 im-

1792 2473 1931 2514 positum
1950 2473 2063 2512 fuerat,
2085 2472 2125 2504 ab
2144 2472 2203 2504 hoc
2224 2481 2316 2503 onere

1792 2517 1890 2549 libera
1910 2517 2020 2549 evasit.

2008 3092 2066 3125 197
