2372 3550
398 274 431 310 5.
460 272 593 322 Opera
619 273 907 310 misericordiae
935 273 1170 323 corporalia.
1225 275 1258 311 6.
1286 273 1498 311 Missiones
1529 274 1571 311 in
1598 274 1742 324 patria.

582 371 629 411 5.
659 368 828 421 Opera
857 369 1229 411 misericordiae
1260 370 1563 422 corporalia.

106 457 180 489 Jam
197 457 228 490 S.
248 457 389 499 Ignatius
406 457 522 489 fecerat
538 456 641 498 plures
658 457 857 490 fundationes
874 468 929 500 pro
947 458 1047 490 salute

29 501 180 543 corporali
208 501 380 540 hominum,
411 501 557 533 laudatus
586 506 752 543 propterea
780 502 871 534 valde
901 503 933 534 in
963 502 1048 534 bulla

27 545 280 578 canonizationis.
310 546 429 578 Probat
444 546 575 578 historia
593 547 768 585 Societatis,
788 547 889 588 ipsam
908 551 1047 588 tempore

27 589 184 622 variorum
196 590 375 622 morborum
388 590 605 632 pestiferorum
620 595 651 623 et
664 591 794 623 aliorum
804 591 1047 623 infortuniorum

24 644 170 676 generose
189 634 338 666 obtulisse
367 639 399 666 et
423 635 611 667 sacrificasse
639 635 720 667 filios
741 646 812 667 suos
832 636 872 667 ad
887 635 1046 667 leniendos

25 678 188 710 hominum
201 678 330 711 dolores.
357 679 594 711 Praescindendo
611 690 629 711 a
642 680 829 720 quibusdam
842 679 996 718 heroibus,
1011 683 1048 711 ut

25 723 58 755 S.
76 723 201 764 Aloysio
216 723 416 762 Scholastico,
437 724 474 755 P.
487 724 623 763 Garrafa,
641 724 674 756 S.
691 724 778 756 Petro
795 724 907 762 Claver,
927 728 959 756 et
968 723 1046 755 mul-

26 767 67 799 tis
83 767 292 806 missionariis,
310 767 439 809 legimus
455 768 488 799 in
501 768 642 810 catalogo
658 768 761 800 Patris
778 768 946 810 Alegambe
962 769 1046 809 (con-

26 811 150 843 tinuato
167 821 186 843 a
197 811 232 844 P.
245 811 375 854 Nadasi)
383 813 461 844 1190
472 812 581 844 Patres
595 817 627 844 et
636 813 760 845 Fratres
773 813 812 844 ab
825 822 907 844 anno
921 813 997 844 1556
1008 813 1047 844 ad

26 856 103 888 1657
125 855 236 888 obiisse
257 856 402 888 victimas
423 857 563 889 caritatis
584 857 617 888 in
638 857 765 889 servitio
788 860 984 899 aegrotorum.

103 908 195 940 Anno
213 909 291 940 1656
307 909 340 940 in
359 909 424 941 sola
442 910 570 941 civitate
589 909 720 951 Neapoli
736 919 799 941 non
816 910 919 941 minus
937 910 975 941 60
994 909 1046 941 Je-

25 952 115 985 suitae
144 956 277 985 mortem
308 953 453 986 obierunt
481 954 677 986 inserviendo
707 958 794 996 peste
824 954 957 986 infectis.
1018 954 1046 985 A

1094 458 1290 490 1679—1726
1310 468 1456 490 numerus
1478 458 1588 490 talium
1610 459 1809 491 victimarum
1831 459 1972 491 ascendit
1993 459 2035 491 ad
2055 460 2116 491 313

1094 502 1199 543 (juxta
1215 502 1334 534 dictum
1352 502 1537 545 catalogum.
1573 503 1618 536 Cf.
1637 504 1732 536 etiam
1750 513 1822 536 ann.
1842 504 1928 543 1799,
1949 503 2116 545 Hispania,

1093 556 1187 588 supra
1207 547 1263 579 col.
1285 547 1366 588 390).

1172 599 1290 631 Eodem
1305 600 1397 631 modo
1413 600 1476 641 egit
1489 600 1638 632 restituta
1651 600 1789 633 Societas
1805 604 1976 642 apparente
1991 611 2020 633 a.
2037 601 2116 633 1832

1092 643 1211 682 morbo,
1237 644 1289 685 qui
1312 644 1426 676 dicitur
1448 644 1579 683 cholera,
1605 645 1723 684 Romae,
1748 645 1889 687 Neapoli,
1911 645 2061 677 Panormi
2085 650 2117 678 et

1092 692 1210 728 postea,
1235 698 1259 720 e.
1281 698 1325 729 gr.
1348 688 1381 719 in
1402 688 1504 720 Gallia
1525 693 1557 721 et
1576 689 1609 720 in
1630 689 1711 721 bello
1732 689 1964 731 gallo-tussiaco
1986 689 2116 731 (Krim).

1092 732 1126 764 P.
1152 732 1319 764 Roothaan
1339 733 1405 774 ipse
1426 733 1458 764 in
1479 733 1739 766 instructionibus
1761 734 1801 766 ad
1821 734 2021 766 Provinciam
2043 734 2118 766 Ger-

1092 776 1204 808 maniae
1218 776 1406 808 hortabatur
1422 777 1462 808 ad
1478 777 1718 810 sacrificandum
1735 788 1766 810 se
1781 788 1936 820 generose.
1968 778 2012 811 Et
2027 783 2118 820 gesta

1093 830 1111 852 a
1124 820 1213 852 sociis
1226 820 1314 862 gallis
1335 826 1367 853 et
1386 821 1540 863 germanis
1553 831 1610 863 pro
1624 822 1746 864 aegrotis
1760 827 1792 854 et
1804 822 1976 855 vulneratis
1988 823 2022 854 in
2036 822 2118 855 bello

1091 864 1334 906 gallo-germano
1357 866 1430 897 anni
1453 866 1531 898 1870
1553 866 1646 908 hujus
1669 867 1809 899 caritatis
1831 877 1949 899 novum
1971 871 2047 900 sunt
2069 877 2118 899 ar-

1092 913 1287 951 gumentum.

730 1051 777 1092 6.
807 1050 1089 1092 missiones
1119 1050 1170 1090 in
1200 1050 1411 1102 patria.¹)

462 1130 608 1164 Italia.

103 1183 285 1215 Franciseus
306 1181 438 1221 Adorno,
468 1182 647 1220 Genuensis‚
670 1185 735 1214 nat.
766 1182 813 1214 19.
843 1182 929 1223 Sept.
960 1181 1047 1220 1533,

26 1227 103 1269 ingr.
130 1227 217 1266 1550,
244 1226 448 1259 confessarius
473 1227 503 1258 S.
530 1226 631 1258 Caroli
657 1226 825 1265 Borromei,
851 1226 1049 1258 missionibus

25 1272 88 1303 suis
114 1271 317 1313 praeservavit
343 1270 553 1302 Mediolanum
582 1275 613 1303 et
640 1271 785 1303 dioeceses
813 1271 1049 1303 circumvicinas

26 1315 66 1348 ab
84 1316 204 1348 haeresi.
240 1316 260 1358 †
277 1316 394 1348 Genuae
413 1315 459 1347 13.
480 1315 553 1347 Jan.
575 1316 661 1347 1586.

108 1368 215 1401 Petrus
232 1368 357 1409 Espiqa,
376 1372 440 1400 nat.
459 1369 535 1400 1527
553 1368 654 1400 Calari
671 1368 831 1410 (Cagliari)
846 1368 879 1400 in
896 1368 1049 1407 Sardinia,

26 1413 158 1445 Lovanii
181 1413 260 1455 ingr.
286 1413 319 1445 in
345 1413 542 1451 Societatem,
570 1417 680 1454 postea
706 1413 864 1454 apostolus
891 1413 1048 1451 Sardiniae,

28 1467 47 1489 a
62 1458 129 1490 Deo
145 1457 301 1490 miraculis
317 1457 502 1489 illustratus.
536 1457 555 1498 †
571 1458 603 1489 in
620 1457 696 1489 urbe
713 1458 817 1499 patria
834 1458 921 1490 1594.

105 1512 277 1542 Bernardus
298 1512 441 1548 colnago,
460 1514 525 1542 nat.
542 1511 619 1543 1545
634 1511 771 1543 Cataniae
791 1511 822 1542 in
838 1511 950 1549 Sicilia,
972 1511 1048 1552 ingr.

27 1555 105 1587 1560
137 1555 295 1594 Messanae,
338 1555 434 1587 lector
468 1555 672 1596 philosophiae
708 1560 740 1587 et
776 1555 938 1597 theologiae
971 1555 1050 1587 Mes-

28 1609 120 1639 sanae,
150 1600 268 1639 Romae,
300 1600 439 1641 Neapoli,
470 1600 542 1631 dein
571 1600 629 1631 Dei
658 1600 809 1632 instinctu
839 1600 1049 1632 missionarius

27 1643 138 1676 Siciliae
149 1648 181 1677 et
194 1644 303 1684 Italiae,
316 1645 431 1686 passim
445 1648 575 1676 vocatus
588 1644 757 1686 apostolus,
770 1645 935 1686 Seraphus,
949 1654 1049 1676 novus

28 1688 153 1721 Paulus.
197 1689 216 1731 †
238 1689 379 1722 Cataniae
401 1689 487 1721 1611.

106 1742 256 1775 Julius
280 1742 547 1783 Maneinelli,
584 1746 648 1774 nat.
687 1743 732 1774 13.
769 1742 838 1774 Oct.
876 1742 952 1773 1537
984 1742 1049 1773 Ma-

28 1790 149 1826 ceratae,
170 1786 247 1828 ingr.
271 1787 318 1819 14.
339 1786 414 1828 Maj.
438 1786 524 1825 1558,
546 1787 646 1827 primo
668 1791 807 1828 tempore
827 1787 975 1828 magister
996 1796 1049 1818 no-

28 1830 177 1863 vitiorum
198 1831 315 1870 Romae,
337 1831 408 1863 dein
428 1834 529 1863 rector
548 1831 579 1862 in
600 1831 729 1863 diversis
750 1831 894 1872 collegiis,
916 1831 1049 1873 denique

28 1875 248 1907 missionarius.
263 1875 374 1907 Turcia
384 1875 545 1916 imprimis,
559 1876 612 1907 sed
624 1876 719 1908 etiam
732 1880 802 1907 tota
813 1876 940 1916 Europa
952 1876 1049 1907 orien-

30 1919 102 1952 talis
121 1919 277 1952 admirata
297 1924 344 1952 est
364 1919 463 1952 zelum
485 1920 550 1961 ejus
572 1920 786 1962 apostolicum.
826 1920 846 1962 †
867 1920 996 1962 Neapoli
1017 1920 1049 1952 in

30 1963 122 1996 odore
138 1964 316 1996 sanctitatis
332 1965 379 1997 16.
396 1964 476 2006 Aug.
494 1965 580 1997 1618.

108 2017 254 2058 Aloysius
274 2017 320 2049 La
339 2017 438 2056 Nuza,
460 2022 524 2050 nat.
547 2018 662 2049 Licatae
682 2018 713 2049 in
734 2017 846 2056 Sicilia,
869 2018 944 2059 ingr.
967 2027 1049 2049 anno

30 2061 132 2093 aetatis
150 2062 202 2100 14;
220 2061 322 2094 factus
340 2062 550 2094 missionarius
568 2062 686 2095 celeber
703 2063 734 2093 in
753 2072 809 2094 sua
825 2062 937 2104 patria.
955 2062 975 2104 †
992 2063 1050 2094 Pa-

31 2105 119 2138 lermi
144 2106 230 2139 1656.

106 2158 253 2191 Nicolaus
276 2160 396 2199 Zueehi,
426 2164 490 2192 nat.
516 2160 644 2199 Parmae,
670 2160 747 2201 ingr.
773 2170 843 2191 curu
868 2163 973 2201 ageret
997 2169 1050 2191 an-

26 2204 151 2243 num16,
159 2204 289 2236 eximius
299 2205 457 2247 operarius
464 2205 497 2236 in
507 2204 632 2246 Italia,†
639 2205 670 2236 in
679 2205 771 2236 odore
780 2204 1048 2236 sanctitatis1670.

105 2257 279 2290 Paulus
303 2257 486 2299 Segneri
508 2258 592 2298 (vide
614 2258 862 2299 ‚‚Praedicatio“).
884 2257 903 2299 †
925 2258 1011 2289 1694.

105 2309 241 2342 Joannes
267 2309 454 2349 Pinamonti,
481 2314 546 2343 nat.
573 2311 650 2343 1632
674 2310 810 2348 Pistorii‚
836 2310 913 2351 ingr.
942 2311 1051 2342 Romae

28 2354 116 2394 1647,
136 2364 191 2396 per
210 2354 249 2386 26
269 2364 366 2386 annos
387 2355 486 2387 socius
505 2356 541 2388 P.
562 2355 697 2397 Segneri.
717 2355 737 2396 †
757 2355 842 2387 Ortae
863 2355 950 2386 1703.

28 2450 48 2494 †
73 2406 426 2483 171S6.I‹'1·anciseus
442 2407 494 2440 de
505 2408 769 2450 Hieronymo
779 2408 863 2449 (vide
877 2408 1049 2450 ‚,Sancti“).

108 2503 145 2537 B.
164 2503 318 2536 Antonius
335 2504 516 2536 Baldinueez'
532 2504 739 2537 Florentinus.
765 2505 824 2537 Per
842 2506 880 2536 20
899 2515 997 2537 annos
1015 2509 1052 2537 ut

27 2548 237 2580 missionarius
262 2548 419 2581 laboravit
443 2549 476 2581 in
502 2549 635 2590 amplius
661 2550 700 2581 30
726 2549 912 2582 dioecesibus
939 2549 1050 2588 ltaliae,

27 2592 47 2635 †
67 2592 180 2634 Pophii
200 2603 282 2625 anno
303 2593 406 2625 aetatis
425 2593 484 2632 53.,
506 2593 671 2626 Societatis
691 2594 740 2626 36.
763 2595 851 2626 1717.

351 2648 388 2677 In
406 2648 548 2678 restituta
565 2649 726 2680 societate.

107 2701 243 2731 Tiberius
274 2701 392 2737 sagrini
419 2703 452 2731 et
483 2701 637 2731 secundus
665 2702 782 2732 Franco
810 2700 942 2742 (supra).

108 2751 321 2784 Ferdinandus
340 2752 472 2791 Minini,
493 2756 558 2785 nat.
579 2753 627 2786 31.
649 2753 723 2785 Dec.
746 2754 832 2792 1796,
854 2753 932 2795 ingr.
955 2753 1048 2786 Taur.

28 2795 78 2829 13.
94 2796 124 2829 N
126 2806 175 2829 ον.
191 2797 278 2836 1816,
292 2797 312 2839 †
326 2798 372 2830 14.
387 2797 462 2838 Apr.
478 2797 564 2830 1870.

436 2850 677 2885 Lusitania.

107 2901 247 2943 Iynatius
276 2903 428 2935 Mantinea
457 2903 623 2945 (Martins),
654 2908 720 2937 nat.
751 2904 829 2936 1530
858 2904 892 2936 in
922 2904 1049 2936 castello

28 2946 137 2979 Govea
165 2947 303 2979 dioecesis
332 2948 597 2987 Cofflmbricensis,
627 2949 704 2991 ingr.
726 2949 800 2991 Apr.
831 2950 919 2987 1547,
949 2949 1049 2990 primo

512 3027 570 3060 605

1094 1129 1294 1162 concionator
1303 1129 1498 1171 magnificus,
1511 1129 1582 1161 dein
1590 1130 1682 1162 aDeo
1693 1134 1836 1163 mutatus
1847 1131 1880 1163 in
1891 1131 2118 1164 missionarium

1093 1178 1265 1215 potentem.
1305 1174 1325 1216 †
1345 1174 1549 1206 Conimbricae
1569 1175 1617 1207 28.
1639 1175 1713 1208 Feb.
1736 1176 1823 1208 1598.

1173 1226 1369 1259 Sebastianus
1390 1227 1424 1259 de
1447 1227 1610 1267 Barradas,
1632 1232 1698 1261 nat.
1722 1228 1907 1270 Ulyssipone
1929 1230 2017 1268 1542,
2039 1230 2119 1272 ingr.

1095 1271 1182 1309 1558,
1211 1271 1250 1303 ob
1278 1271 1377 1303 zelum
1404 1272 1435 1303 in
1463 1272 1683 1313 praedicatione
1710 1272 1879 1306 Lusitaniae
1907 1274 2120 1316 „Apostolus‘⁶

1096 1297 1280 1357 appellatus.
1326 1317 1346 1358 †
1369 1316 1573 1348 Conimbricae
1596 1318 1644 1350 11.
1668 1318 1743 1359 Apr.
1767 1318 1854 1352 1615.

1496 1387 1721 1428 Hispania.

1189 1442 1232 1478 S.
1280 1443 1540 1476 Franciseus
1590 1444 1752 1486 Borgia
1811 1445 1896 1486 (vide
1942 1445 2120 1488 „Sancti“).

1095 1487 1114 1529 τ
1137 1488 1163 1519 1.
1187 1487 1257 1519 Oct.
1280 1487 1368 1519 1572.

1178 1540 1413 1572 Bartholomaeus
1437 1541 1641 1580 Bustamante,
1665 1546 1730 1575 nat.
1753 1543 1840 1581 1500,
1862 1543 1939 1585 ingr.
1963 1544 2050 1581 1551,
2073 1553 2121 1575 sa-

1096 1585 1211 1623 cerdos,
1232 1585 1321 1617 initio
1340 1585 1440 1617 socius
1459 1585 1489 1617 S.
1509 1586 1666 1618 Francisci
1686 1586 1815 1629 Borgiae,
1835 1591 1945 1628 postea
1963 1598 2060 1629 usque
2081 1588 2121 1619 ad

1095 1630 1190 1662 finem
1217 1630 1290 1662 vitae
1316 1629 1474 1661 laboribus
1501 1630 1679 1671 apostolicis
1706 1636 1876 1673 occupatus
1902 1632 1984 1664 inter
2008 1642 2122 1673 pueros

1095 1679 1127 1707 et
1149 1674 1282 1706 Mauros.
1327 1674 1346 1715 †
1369 1674 1534 1716 Trigueriis
1557 1676 1604 1707 21.
1629 1675 1702 1707 Jun.
1728 1676 1817 1709 1570.

1175 1728 1310 1759 ιΙοιιηηας
1339 1727 1374 1758 de
1402 1727 1553 1765 Albotodo,
1591 1733 1685 1760 natus
1714 1728 1863 1761 Granatae
1891 1739 1910 1761 a
1938 1729 2121 1771 parentibus

1095 1772 1220 1810 Mauris,
1247 1782 1337 1804 verus
1362 1771 1522 1813 apostolus
1546 1772 1737 1811 Maurorum,
1761 1773 1781 1815 †
1805 1773 1928 1816 Hispali
1952 1775 2040 1806 1578.

1172 1825 1328 1866 Gasparus
1353 1825 1467 1863 Laorte,
1495 1825 1664 1867 Hispanus,
1691 1826 1768 1868 ingr.
1795 1827 1883 1865 1552,
1910 1827 2122 1860 missionarius

1095 1870 1126 1901 in
1141 1870 1234 1902 Ita-lia
1245 1875 1277 1902 et
1289 1870 1440 1911 imprimis
1452 1870 1534 1902 inter
1546 1870 1670 1902 Mauros
1684 1870 1854 1912 Hispaniae,
1866 1872 1885 1913 †
1898 1871 2021 1914 Hispali
2033 1873 2120 1905 1578.

1175 1925 1355 1954 Franciseus
1380 1925 1498 1960 suada,
1520 1934 1550 1955 se
1573 1923 1722 1964 adjunxit
1742 1924 1820 1955 1535
1841 1925 1931 1956 sociis
1952 1925 1983 1957 S.
2007 1925 2122 1967 Ignatii

1095 1968 1126 1999 in
1153 1967 1255 2005 Italia,
1282 1971 1391 2008 postea
1417 1967 1552 2006 Italiam,
1580 1967 1731 2009 Belgium,
1757 1968 1901 2008 Galliam,
1927 1969 2121 2002 Lusitaniam

1096 2016 1127 2044 et
1165 2012 1349 2053 Hispaniam
1388 2012 1472 2044 fama
1509 2012 1752 2053 apostolicorum
1788 2013 1932 2046 laborum
1969 2014 2121 2056 implevit.

1094 2057 1114 2098 -ι-
1135 2056 1235 2088 Toleti
1257 2057 1345 2088 1584.

1135 2105 1270 2137 Joannes
1293 2104 1451 2137 Gondinus
1476 2105 1694 2147 Aragonensis,
1722 2116 1804 2138 anno
1830 2107 1878 2139 20.
1905 2107 2008 2140 aetatis
2032 2108 2122 2149 ingr„

1095 2149 1192 2182 lector
1210 2149 1414 2191 philosophiae
1433 2154 1465 2182 et
1483 2154 1594 2191 postea
1611 2160 1745 2192 magnus
1763 2151 1976 2184 missionarius
1994 2152 2027 2184 in
2046 2152 2123 2184 Ara-

1095 2194 1196 2236 gonia.
1238 2195 1257 2235 †
1279 2193 1378 2226 Toleti
1400 2204 1498 2226 annos
1520 2199 1613 2226 natus
1635 2195 1674 2226 60
1695 2195 1782 2228 1629.

1177 2247 1357 2279 Emmanuel
1374 2248 1501 2280 Teoeeira
1514 2248 1693 2287 Lusitanus,
1716 2259 1787 2281 cum
1807 2253 1889 2282 esset
1907 2250 1947 2281 30
1967 2260 2121 2282 annorum

1095 2292 1184 2334 ingr,
1196 2292 1358 2324 Galliciam
1369 2303 1424 2333 per
1430 2303 1527 2325 annos
1535 2293 1573 2324 30
1584 2293 1795 2325 missionarius
1804 2295 1993 2336 peragravit.
2007 2295 2120 2337 †1635.

1175 2345 1327 2386 Josephus
1348 2345 1526 2387 Ga-latayud,
1549 2346 1630 2378 vixit
1649 2346 1689 2378 50
1709 2356 1807 2379 annos
1827 2347 1860 2379 in
1881 2347 2046 2387 Societate,
2068 2357 2123 2389 per

1096 2389 1211 2422 multos
1228 2400 1327 2422 annos
1344 2390 1555 2422 missionarius
1571 2390 1702 2423 Gandiae
1717 2395 1750 2423 et
1765 2390 1926 2424 Valentiae.
1957 2392 1977 2434 †
1992 2392 2123 2425 Gandiae

1096 2444 1195 2466 annos
1217 2439 1310 2466 natus
1335 2435 1372 2466 78
1395 2435 1483 2467 1636.

1175 2487 1553 2528 JosephusGuadarrama,
1570 2492 1664 2520 natus
1675 2498 1772 2539 prope
1783 2488 1937 2529 Toletum,
1954 2500 2026 2522 cum
2042 2493 2124 2523 esset

1095 2532 1134 2563 36
1157 2542 1311 2564 annorum
1334 2533 1476 2565 sacerdos
1498 2533 1662 2575 ingressus,
1686 2533 1751 2575 egit
1771 2534 2000 2566 missionarium
2022 2534 2055 2566 in
2078 2534 2124 2566 di-

1096 2576 1205 2663 {elisis}
1217 2576 1402 2653 {gegesibus
1428 2577 1596 2619 Hispaniae,
1623 2578 1727 2620 quoad
1751 2578 1790 2610 56
1815 2588 1912 2611 annos
1936 2583 2031 2611 natus
2055 2579 2122 2611 Ma-

1111 2631 1137 2652 r1
1156 2631 1165 2652 1
1263 2631 1282 2653 ο
1306 2647 1312 2653 .

1174 2674 1382 2715 Hieronymus
1394 2674 1501 2715 Lopez,
1516 2674 1647 2707 Gandiae
1657 2678 1753 2707 natus
1765 2675 1853 2715 1590,
1866 2675 2021 2718 ingressus
2034 2676 2123 2714 1605,

1095 2728 1150 2760 per
1177 2728 1274 2751 annos
1306 2719 1344 2750 40
1377 2719 1482 2751 varias
1514 2719 1675 2761 Hispaniae
1705 2720 1883 2761 provincias
1911 2720 2124 2752 missionarius

1094 2763 1380 2839 pgragvrabvitlgggb
1400 2763 1546 2796 omnibus
1563 2768 1691 2797 sanctus
1709 2764 1916 2798 existimatus.
1934 2765 1954 2807 †
1971 2764 2124 2797 Valentiae

1137 2833 1143 2840 .
1197 2818 1212 2839 e
1238 2834 1244 2840 .
1354 2834 1360 2840 .

1177 2861 1312 2901 Thyrsus
1333 2860 1485 2900 Gomalae,
1514 2864 1610 2894 natus
1638 2861 1788 2904 Argantae
1810 2863 1898 2901 1622,
1926 2862 2005 2904 ingr.
2035 2862 2123 2901 1642,

1093 2915 1148 2946 per
1168 2906 1205 2937 12
1226 2915 1325 2937 annos
1344 2905 1468 2937 fervens
1488 2905 1704 2938 missionarius
1724 2906 1757 2938 in
1777 2906 1940 2948 Hispania,
1962 2906 2124 2948 speciatim

1093 2950 1175 2982 inter
1190 2949 1442 2982 Mahumetanos.
1475 2950 1648 2983 Generalis.
1666 2950 1686 2993 †
1703 2951 1812 2984 Romae
1827 2952 1876 2984 27.
1893 2951 1964 2984 Oct.
1982 2951 2069 2984 1705.

1580 3030 1641 3063 606

113 3120 135 3155 ι)
151 3119 191 3148 De
207 3121 287 3156 gestis
303 3121 331 3149 in
347 3122 515 3151 missionibus
531 3123 628 3155 exteris
644 3123 706 3152 vide
722 3125 826 3160 partem
843 3124 956 3160 primam
972 3125 1001 3152 et
1018 3123 1193 3160 ‚Martyreffifi
