<?xml version="1.0" encoding="UTF-8"?>
<!DOCTYPE html PUBLIC "-//W3C//DTD XHTML 1.0 Transitional//EN"
    "http://www.w3.org/TR/xhtml1/DTD/xhtml1-transitional.dtd">
<html xmlns="http://www.w3.org/1999/xhtml" xml:lang="en" lang="en">
 <head>
  <title>
</title>
<meta http-equiv="Content-Type" content="text/html;charset=utf-8" />
  <meta name='ocr-system' content='tesseract 3.04.00' />
  <meta name='ocr-capabilities' content='ocr_page ocr_carea ocr_par ocr_line ocrx_word'/>
</head>
<body>
  <div class='ocr_page' id='page_1' title='image "./synopsishistoria00wern_0199.png"; bbox 0 0 2372 3550; ppageno 0'>
   <div class='ocr_carea' id='block_1_1' title="bbox 972 255 1222 293">
    <p class='ocr_par' dir='ltr' id='par_1_1' title="bbox 972 255 1222 293">
     <span class='ocr_line' id='line_1_1' title="bbox 972 255 1222 293; baseline -0.004 0"><span class='ocrx_word' id='word_1_1' title='bbox 972 257 1004 293; x_wconf 90' lang='lat'>7.</span> <span class='ocrx_word' id='word_1_2' title='bbox 1034 255 1222 293; x_wconf 84' lang='lat' dir='ltr'>Scientia.</span> 
     </span>
    </p>
   </div>
   <div class='ocr_carea' id='block_1_2' title="bbox 933 308 1623 313">
    <p class='ocr_par' dir='ltr' id='par_1_2' title="bbox 933 308 1623 313">
     <span class='ocr_line' id='line_1_2' title="bbox 933 308 1623 313; baseline 0 0"><span class='ocrx_word' id='word_1_3' title='bbox 933 308 1623 313; x_wconf 95' lang='lat' dir='ltr'> </span> 
     </span>
    </p>
   </div>
   <div class='ocr_carea' id='block_1_3' title="bbox 53 353 1075 575">
    <p class='ocr_par' dir='ltr' id='par_1_3' title="bbox 53 353 1075 575">
     <span class='ocr_line' id='line_1_3' title="bbox 53 353 1074 397; baseline -0.004 -9"><span class='ocrx_word' id='word_1_4' title='bbox 53 355 226 397; x_wconf 86' lang='lat' dir='ltr'>losophiam</span> <span class='ocrx_word' id='word_1_5' title='bbox 244 365 300 397; x_wconf 91' lang='lat' dir='ltr'>per</span> <span class='ocrx_word' id='word_1_6' title='bbox 317 355 336 386; x_wconf 89' lang='lat'><strong>3</strong></span> <span class='ocrx_word' id='word_1_7' title='bbox 355 358 387 387; x_wconf 90' lang='lat' dir='ltr'>et</span> <span class='ocrx_word' id='word_1_8' title='bbox 405 354 592 396; x_wconf 81' lang='lat' dir='ltr'>theologiam</span> <span class='ocrx_word' id='word_1_9' title='bbox 612 353 828 385; x_wconf 78' lang='lat' dir='ltr'><strong>scholasticam</strong></span> <span class='ocrx_word' id='word_1_10' title='bbox 847 363 901 394; x_wconf 89' lang='lat' dir='ltr'>per</span> <span class='ocrx_word' id='word_1_11' title='bbox 919 353 957 384; x_wconf 87' lang='grc'>16</span> <span class='ocrx_word' id='word_1_12' title='bbox 977 362 1074 384; x_wconf 88' lang='lat' dir='ltr'>annos</span> 
     </span>
     <span class='ocr_line' id='line_1_4' title="bbox 53 397 1074 442; baseline -0.004 -10"><span class='ocrx_word' id='word_1_13' title='bbox 53 399 223 442; x_wconf 83' lang='lat' dir='ltr'>Moguntiae</span> <span class='ocrx_word' id='word_1_14' title='bbox 240 403 273 432; x_wconf 91' lang='lat' dir='ltr'>et</span> <span class='ocrx_word' id='word_1_15' title='bbox 291 398 461 440; x_wconf 88' lang='lat' dir='ltr'>Herbipoli‚</span> <span class='ocrx_word' id='word_1_16' title='bbox 480 399 556 430; x_wconf 91' lang='lat' dir='ltr'>item</span> <span class='ocrx_word' id='word_1_17' title='bbox 574 399 593 429; x_wconf 97' lang='lat'>5</span> <span class='ocrx_word' id='word_1_18' title='bbox 612 398 700 429; x_wconf 93' lang='lat' dir='ltr'>annis</span> <span class='ocrx_word' id='word_1_19' title='bbox 720 398 907 439; x_wconf 74' lang='lat' dir='ltr'>theologiam</span> <span class='ocrx_word' id='word_1_20' title='bbox 925 397 1074 429; x_wconf 75' lang='lat' dir='ltr'>moralem</span> 
     </span>
     <span class='ocr_line' id='line_1_5' title="bbox 54 442 1075 481; baseline -0.004 -5"><span class='ocrx_word' id='word_1_21' title='bbox 54 448 87 476; x_wconf 89' lang='lat' dir='ltr'>et</span> <span class='ocrx_word' id='word_1_22' title='bbox 119 445 138 476; x_wconf 87' lang='lat'><strong>3</strong></span> <span class='ocrx_word' id='word_1_23' title='bbox 172 443 411 481; x_wconf 85' lang='lat' dir='ltr'>controversias;</span> <span class='ocrx_word' id='word_1_24' title='bbox 447 442 611 475; x_wconf 87' lang='lat' dir='ltr'>Seminarii</span> <span class='ocrx_word' id='word_1_25' title='bbox 644 442 806 474; x_wconf 89' lang='lat' dir='ltr'>Fuldensis</span> <span class='ocrx_word' id='word_1_26' title='bbox 841 442 974 473; x_wconf 81' lang='lat' dir='ltr'>director</span> <span class='ocrx_word' id='word_1_27' title='bbox 1009 445 1075 473; x_wconf 90' lang='lat' dir='ltr'>erat</span> 
     </span>
     <span class='ocr_line' id='line_1_6' title="bbox 55 486 1075 530; baseline -0.003 -10"><span class='ocrx_word' id='word_1_28' title='bbox 55 490 72 521; x_wconf 94' lang='lat'>7</span> <span class='ocrx_word' id='word_1_29' title='bbox 100 489 198 527; x_wconf 88' lang='lat' dir='ltr'>annis,</span> <span class='ocrx_word' id='word_1_30' title='bbox 226 491 436 530; x_wconf 76' lang='lat' dir='ltr'>protestantes</span> <span class='ocrx_word' id='word_1_31' title='bbox 464 487 570 519; x_wconf 90' lang='lat' dir='ltr'>multis</span> <span class='ocrx_word' id='word_1_32' title='bbox 599 487 720 528; x_wconf 88' lang='lat' dir='ltr'>scriptis</span> <span class='ocrx_word' id='word_1_33' title='bbox 749 486 935 518; x_wconf 78' lang='lat' dir='ltr'>confutavit.</span> <span class='ocrx_word' id='word_1_34' title='bbox 964 486 983 527; x_wconf 88' lang='lat'>†</span> <span class='ocrx_word' id='word_1_35' title='bbox 1010 486 1075 517; x_wconf 91' lang='lat' dir='ltr'>Mo-</span> 
     </span>
     <span class='ocr_line' id='line_1_7' title="bbox 54 532 424 575; baseline -0.005 -10"><span class='ocrx_word' id='word_1_36' title='bbox 54 533 172 575; x_wconf 85' lang='lat' dir='ltr'>guntiae</span> <span class='ocrx_word' id='word_1_37' title='bbox 192 533 219 565; x_wconf 92' lang='lat'>8.</span> <span class='ocrx_word' id='word_1_38' title='bbox 240 533 314 574; x_wconf 90' lang='lat' dir='ltr'>Apr.</span> <span class='ocrx_word' id='word_1_39' title='bbox 337 532 424 564; x_wconf 89' lang='lat'>1675.</span> 
     </span>
    </p>
   </div>
   <div class='ocr_carea' id='block_1_4' title="bbox 54 583 1076 669">
    <p class='ocr_par' dir='ltr' id='par_1_4' title="bbox 54 583 1076 669">
     <span class='ocr_line' id='line_1_8' title="bbox 133 583 1075 626; baseline -0.003 -9"><span class='ocrx_word' id='word_1_40' title='bbox 133 585 260 618; x_wconf 84' lang='lat' dir='ltr'>Carolus</span> <span class='ocrx_word' id='word_1_41' title='bbox 285 585 453 626; x_wconf 70' lang='lat' dir='ltr'>Sardaqna,</span> <span class='ocrx_word' id='word_1_42' title='bbox 480 588 537 616; x_wconf 88' lang='lat' dir='ltr'>nat</span> <span class='ocrx_word' id='word_1_43' title='bbox 565 585 610 616; x_wconf 92' lang='lat'>10.</span> <span class='ocrx_word' id='word_1_44' title='bbox 639 584 710 616; x_wconf 81' lang='lat' dir='ltr'>Jan.</span> <span class='ocrx_word' id='word_1_45' title='bbox 739 585 816 615; x_wconf 96' lang='lat'>1731</span> <span class='ocrx_word' id='word_1_46' title='bbox 844 584 994 621; x_wconf 88' lang='lat' dir='ltr'>Tridenti,</span> <span class='ocrx_word' id='word_1_47' title='bbox 1023 583 1075 614; x_wconf 91' lang='lat' dir='ltr'>ad-</span> 
     </span>
     <span class='ocr_line' id='line_1_9' title="bbox 54 628 1076 669; baseline -0.003 -7"><span class='ocrx_word' id='word_1_48' title='bbox 54 630 164 662; x_wconf 89' lang='lat' dir='ltr'>missus</span> <span class='ocrx_word' id='word_1_49' title='bbox 186 630 234 662; x_wconf 92' lang='lat'>23.</span> <span class='ocrx_word' id='word_1_50' title='bbox 257 630 326 662; x_wconf 93' lang='lat' dir='ltr'>Oct.</span> <span class='ocrx_word' id='word_1_51' title='bbox 350 630 427 661; x_wconf 94' lang='lat'>1746</span> <span class='ocrx_word' id='word_1_52' title='bbox 447 629 480 661; x_wconf 90' lang='lat' dir='ltr'>in</span> <span class='ocrx_word' id='word_1_53' title='bbox 502 629 668 661; x_wconf 73' lang='lat' dir='ltr'>Provincia</span> <span class='ocrx_word' id='word_1_54' title='bbox 689 629 790 661; x_wconf 84' lang='lat' dir='ltr'>Germ.</span> <span class='ocrx_word' id='word_1_55' title='bbox 814 629 899 669; x_wconf 59' lang='lat' dir='ltr'>Sap„</span> <span class='ocrx_word' id='word_1_56' title='bbox 922 628 1076 669; x_wconf 79' lang='lat' dir='ltr'>professor</span> 
     </span>
    </p>
   </div>
   <div class='ocr_carea' id='block_1_5' title="bbox 53 672 1076 760">
    <p class='ocr_par' dir='ltr' id='par_1_5' title="bbox 53 672 1076 760">
     <span class='ocr_line' id='line_1_10' title="bbox 53 672 1076 716; baseline -0.003 -10"><span class='ocrx_word' id='word_1_57' title='bbox 53 674 195 716; x_wconf 89' lang='lat' dir='ltr'>Friburgi</span> <span class='ocrx_word' id='word_1_58' title='bbox 222 674 255 706; x_wconf 90' lang='lat' dir='ltr'>in</span> <span class='ocrx_word' id='word_1_59' title='bbox 275 674 446 715; x_wconf 84' lang='lat' dir='ltr'>Brisgovia,</span> <span class='ocrx_word' id='word_1_60' title='bbox 472 673 654 705; x_wconf 82' lang='lat' dir='ltr'>Ratisbonae</span> <span class='ocrx_word' id='word_1_61' title='bbox 685 677 716 705; x_wconf 89' lang='lat' dir='ltr'>et</span> <span class='ocrx_word' id='word_1_62' title='bbox 735 673 890 704; x_wconf 83' lang='lat' dir='ltr'>Lucernae.</span> <span class='ocrx_word' id='word_1_63' title='bbox 924 673 943 714; x_wconf 88' lang='lat'>†</span> <span class='ocrx_word' id='word_1_64' title='bbox 973 672 1076 703; x_wconf 86' lang='lat' dir='ltr'>Ratis-</span> 
     </span>
     <span class='ocr_line' id='line_1_11' title="bbox 54 719 432 760; baseline -0.003 -9"><span class='ocrx_word' id='word_1_65' title='bbox 54 719 143 751; x_wconf 85' lang='lat' dir='ltr'>bonae</span> <span class='ocrx_word' id='word_1_66' title='bbox 170 720 217 751; x_wconf 90' lang='lat'>22.</span> <span class='ocrx_word' id='word_1_67' title='bbox 237 719 316 760; x_wconf 89' lang='lat' dir='ltr'>Aug.</span> <span class='ocrx_word' id='word_1_68' title='bbox 346 719 432 750; x_wconf 92' lang='lat'>1775.</span> 
     </span>
    </p>
   </div>
   <div class='ocr_carea' id='block_1_6' title="bbox 54 769 1076 902">
    <p class='ocr_par' dir='ltr' id='par_1_6' title="bbox 54 769 1076 902">
     <span class='ocr_line' id='line_1_12' title="bbox 134 769 1074 812; baseline -0.002 -10"><span class='ocrx_word' id='word_1_69' title='bbox 134 771 307 803; x_wconf 78' lang='lat' dir='ltr'>Beruardus</span> <span class='ocrx_word' id='word_1_70' title='bbox 328 771 479 812; x_wconf 73' lang='lat' dir='ltr'>Meynier,</span> <span class='ocrx_word' id='word_1_71' title='bbox 503 774 568 803; x_wconf 87' lang='lat' dir='ltr'>nat.</span> <span class='ocrx_word' id='word_1_72' title='bbox 592 772 638 803; x_wconf 91' lang='lat'>16.</span> <span class='ocrx_word' id='word_1_73' title='bbox 663 770 724 802; x_wconf 83' lang='lat' dir='ltr'>Jul.</span> <span class='ocrx_word' id='word_1_74' title='bbox 749 771 835 809; x_wconf 90' lang='lat'>1604,</span> <span class='ocrx_word' id='word_1_75' title='bbox 858 770 935 812; x_wconf 90' lang='lat' dir='ltr'>ingr.</span> <span class='ocrx_word' id='word_1_76' title='bbox 954 770 981 801; x_wconf 90' lang='lat'>8.</span> <span class='ocrx_word' id='word_1_77' title='bbox 1000 769 1074 810; x_wconf 83' lang='lat' dir='ltr'>Maj.</span> 
     </span>
     <span class='ocr_line' id='line_1_13' title="bbox 54 814 1076 856; baseline -0.002 -9"><span class='ocrx_word' id='word_1_78' title='bbox 54 815 141 854; x_wconf 89' lang='lat'>1625,</span> <span class='ocrx_word' id='word_1_79' title='bbox 169 815 290 847; x_wconf 86' lang='lat' dir='ltr'>fervens</span> <span class='ocrx_word' id='word_1_80' title='bbox 317 815 527 847; x_wconf 91' lang='lat' dir='ltr'>missionarius</span> <span class='ocrx_word' id='word_1_81' title='bbox 555 819 587 847; x_wconf 89' lang='lat' dir='ltr'>et</span> <span class='ocrx_word' id='word_1_82' title='bbox 613 815 722 847; x_wconf 85' lang='lat' dir='ltr'>fertilis</span> <span class='ocrx_word' id='word_1_83' title='bbox 742 814 874 856; x_wconf 80' lang='lat' dir='ltr'>scriptor</span> <span class='ocrx_word' id='word_1_84' title='bbox 900 818 1076 846; x_wconf 88' lang='lat' dir='ltr'>controver-</span> 
     </span>
     <span class='ocr_line' id='line_1_14' title="bbox 54 860 515 902; baseline 0 -10"><span class='ocrx_word' id='word_1_85' title='bbox 54 860 178 892; x_wconf 84' lang='lat' dir='ltr'>siarum.</span> <span class='ocrx_word' id='word_1_86' title='bbox 205 860 225 902; x_wconf 86' lang='lat'>†</span> <span class='ocrx_word' id='word_1_87' title='bbox 251 861 297 892; x_wconf 93' lang='lat'>12.</span> <span class='ocrx_word' id='word_1_88' title='bbox 324 860 399 892; x_wconf 90' lang='lat' dir='ltr'>Dec.</span> <span class='ocrx_word' id='word_1_89' title='bbox 428 861 515 892; x_wconf 90' lang='lat'>1682.</span> 
     </span>
    </p>
   </div>
   <div class='ocr_carea' id='block_1_7' title="bbox 54 912 1076 999">
    <p class='ocr_par' dir='ltr' id='par_1_7' title="bbox 54 912 1076 999">
     <span class='ocr_line' id='line_1_15' title="bbox 132 912 1076 954; baseline -0.002 -10"><span class='ocrx_word' id='word_1_90' title='bbox 132 912 268 945; x_wconf 81' lang='lat' dir='ltr'>Joarmes</span> <span class='ocrx_word' id='word_1_91' title='bbox 290 913 400 951; x_wconf 82' lang='lat' dir='ltr'>Adam,</span> <span class='ocrx_word' id='word_1_92' title='bbox 424 917 489 945; x_wconf 90' lang='lat' dir='ltr'>nat.</span> <span class='ocrx_word' id='word_1_93' title='bbox 514 913 601 951; x_wconf 89' lang='lat'>1608,</span> <span class='ocrx_word' id='word_1_94' title='bbox 624 913 701 954; x_wconf 91' lang='lat' dir='ltr'>ingr.</span> <span class='ocrx_word' id='word_1_95' title='bbox 727 914 813 951; x_wconf 91' lang='lat'>1622,</span> <span class='ocrx_word' id='word_1_96' title='bbox 838 912 1023 953; x_wconf 77' lang='lat' dir='ltr'>praedicator</span> <span class='ocrx_word' id='word_1_97' title='bbox 1045 915 1076 943; x_wconf 91' lang='lat' dir='ltr'>et</span> 
     </span>
     <span class='ocr_line' id='line_1_16' title="bbox 54 956 1074 999; baseline -0.002 -10"><span class='ocrx_word' id='word_1_98' title='bbox 54 957 228 999; x_wconf 88' lang='lat' dir='ltr'>apologeta,</span> <span class='ocrx_word' id='word_1_99' title='bbox 247 958 404 989; x_wconf 88' lang='lat' dir='ltr'>convertit</span> <span class='ocrx_word' id='word_1_100' title='bbox 420 957 535 989; x_wconf 88' lang='lat' dir='ltr'>multos</span> <span class='ocrx_word' id='word_1_101' title='bbox 553 961 772 998; x_wconf 79' lang='lat' dir='ltr'>protestantes.</span> <span class='ocrx_word' id='word_1_102' title='bbox 791 957 810 998; x_wconf 89' lang='lat'>†</span> <span class='ocrx_word' id='word_1_103' title='bbox 828 958 874 988; x_wconf 85' lang='lat'>12.</span> <span class='ocrx_word' id='word_1_104' title='bbox 893 956 967 997; x_wconf 84' lang='lat' dir='ltr'>Maj.</span> <span class='ocrx_word' id='word_1_105' title='bbox 988 956 1074 987; x_wconf 83' lang='lat'>1684.</span> 
     </span>
    </p>
   </div>
   <div class='ocr_carea' id='block_1_8' title="bbox 52 1009 1075 1141">
    <p class='ocr_par' dir='ltr' id='par_1_8' title="bbox 52 1009 1075 1141">
     <span class='ocr_line' id='line_1_17' title="bbox 132 1009 1074 1052; baseline -0.004 -9"><span class='ocrx_word' id='word_1_106' title='bbox 132 1010 234 1051; x_wconf 73' lang='lat' dir='ltr'>steph.</span> <span class='ocrx_word' id='word_1_107' title='bbox 246 1010 357 1052; x_wconf 71' lang='lat' dir='ltr'>Aqard.</span> <span class='ocrx_word' id='word_1_108' title='bbox 371 1011 405 1042; x_wconf 86' lang='lat' dir='ltr'>de</span> <span class='ocrx_word' id='word_1_109' title='bbox 416 1010 557 1051; x_wconf 81' lang='lat' dir='ltr'>Ghamps,</span> <span class='ocrx_word' id='word_1_110' title='bbox 570 1014 635 1042; x_wconf 91' lang='lat' dir='ltr'>nat.</span> <span class='ocrx_word' id='word_1_111' title='bbox 650 1011 735 1048; x_wconf 92' lang='lat'>1613,</span> <span class='ocrx_word' id='word_1_112' title='bbox 748 1010 825 1051; x_wconf 87' lang='lat' dir='ltr'>ingr.</span> <span class='ocrx_word' id='word_1_113' title='bbox 839 1010 916 1041; x_wconf 89' lang='lat'>1630</span> <span class='ocrx_word' id='word_1_114' title='bbox 927 1009 965 1049; x_wconf 88' lang='lat' dir='ltr'>(F</span> <span class='ocrx_word' id='word_1_115' title='bbox 967 1009 1074 1049; x_wconf 73' lang='lat' dir='ltr'>rane),</span> 
     </span>
     <span class='ocr_line' id='line_1_18' title="bbox 52 1054 1075 1097; baseline -0.003 -10"><span class='ocrx_word' id='word_1_116' title='bbox 52 1054 135 1087; x_wconf 89' lang='lat' dir='ltr'>inter</span> <span class='ocrx_word' id='word_1_117' title='bbox 153 1055 268 1097; x_wconf 90' lang='lat' dir='ltr'>primos</span> <span class='ocrx_word' id='word_1_118' title='bbox 288 1055 378 1087; x_wconf 90' lang='lat' dir='ltr'>novit</span> <span class='ocrx_word' id='word_1_119' title='bbox 398 1059 497 1087; x_wconf 85' lang='lat' dir='ltr'>artem</span> <span class='ocrx_word' id='word_1_120' title='bbox 518 1054 657 1086; x_wconf 90' lang='lat' dir='ltr'>nudandi</span> <span class='ocrx_word' id='word_1_121' title='bbox 678 1054 805 1086; x_wconf 86' lang='lat' dir='ltr'>callidas</span> <span class='ocrx_word' id='word_1_122' title='bbox 826 1054 1075 1085; x_wconf 86' lang='lat' dir='ltr'>Jansenistarnm</span> 
     </span>
     <span class='ocr_line' id='line_1_19' title="bbox 54 1098 1073 1141; baseline -0.001 -10"><span class='ocrx_word' id='word_1_123' title='bbox 54 1099 211 1131; x_wconf 87' lang='lat' dir='ltr'>doctrinas</span> <span class='ocrx_word' id='word_1_124' title='bbox 231 1099 291 1140; x_wconf 89' lang='lat' dir='ltr'>(De</span> <span class='ocrx_word' id='word_1_125' title='bbox 311 1099 418 1132; x_wconf 84' lang='lat' dir='ltr'>haeresi</span> <span class='ocrx_word' id='word_1_126' title='bbox 437 1099 642 1141; x_wconf 87' lang='lat' dir='ltr'>janseniana).</span> <span class='ocrx_word' id='word_1_127' title='bbox 675 1099 694 1140; x_wconf 88' lang='lat'>†</span> <span class='ocrx_word' id='word_1_128' title='bbox 714 1099 810 1130; x_wconf 84' lang='lat' dir='ltr'>Paris.</span> <span class='ocrx_word' id='word_1_129' title='bbox 833 1099 879 1130; x_wconf 89' lang='lat'>31.</span> <span class='ocrx_word' id='word_1_130' title='bbox 903 1098 965 1129; x_wconf 83' lang='lat' dir='ltr'>Jul.</span> <span class='ocrx_word' id='word_1_131' title='bbox 988 1098 1073 1130; x_wconf 89' lang='lat'>1701.</span> 
     </span>
    </p>
   </div>
   <div class='ocr_carea' id='block_1_9' title="bbox 133 1151 1073 1193">
    <p class='ocr_par' dir='ltr' id='par_1_9' title="bbox 133 1151 1073 1193">
     <span class='ocr_line' id='line_1_20' title="bbox 133 1151 1073 1193; baseline -0.004 -8"><span class='ocrx_word' id='word_1_132' title='bbox 133 1152 184 1185; x_wconf 91' lang='lat' dir='ltr'>Jo.</span> <span class='ocrx_word' id='word_1_133' title='bbox 214 1153 281 1185; x_wconf 80' lang='lat' dir='ltr'>Jac.</span> <span class='ocrx_word' id='word_1_134' title='bbox 313 1153 539 1193; x_wconf 70' lang='lat' dir='ltr'>Schessmaeher,</span> <span class='ocrx_word' id='word_1_135' title='bbox 571 1156 635 1184; x_wconf 87' lang='lat' dir='ltr'>nat.</span> <span class='ocrx_word' id='word_1_136' title='bbox 668 1152 698 1183; x_wconf 88' lang='lat' dir='ltr'>in</span> <span class='ocrx_word' id='word_1_137' title='bbox 729 1151 850 1183; x_wconf 86' lang='lat' dir='ltr'>Alsatia</span> <span class='ocrx_word' id='word_1_138' title='bbox 880 1152 966 1187; x_wconf 85' lang='grc'>1668,</span> <span class='ocrx_word' id='word_1_139' title='bbox 998 1151 1073 1191; x_wconf 85' lang='lat' dir='ltr'>ingr.</span> 
     </span>
    </p>
   </div>
   <div class='ocr_carea' id='block_1_10' title="bbox 55 1195 1075 1283">
    <p class='ocr_par' dir='ltr' id='par_1_10' title="bbox 55 1195 1075 1283">
     <span class='ocr_line' id='line_1_21' title="bbox 55 1195 1075 1236; baseline -0.004 -7"><span class='ocrx_word' id='word_1_140' title='bbox 55 1197 142 1236; x_wconf 87' lang='lat'>1685,</span> <span class='ocrx_word' id='word_1_141' title='bbox 168 1197 266 1229; x_wconf 90' lang='lat' dir='ltr'>lector</span> <span class='ocrx_word' id='word_1_142' title='bbox 290 1197 580 1235; x_wconf 88' lang='lat' dir='ltr'>controversiarum,</span> <span class='ocrx_word' id='word_1_143' title='bbox 607 1196 731 1228; x_wconf 85' lang='lat' dir='ltr'>reduxit</span> <span class='ocrx_word' id='word_1_144' title='bbox 756 1196 871 1227; x_wconf 84' lang='lat' dir='ltr'>multos</span> <span class='ocrx_word' id='word_1_145' title='bbox 896 1195 1075 1227; x_wconf 84' lang='lat' dir='ltr'>lutheranos</span> 
     </span>
     <span class='ocr_line' id='line_1_22' title="bbox 55 1241 618 1283; baseline -0.004 -9"><span class='ocrx_word' id='word_1_146' title='bbox 55 1241 96 1274; x_wconf 89' lang='lat' dir='ltr'>ad</span> <span class='ocrx_word' id='word_1_147' title='bbox 116 1241 297 1274; x_wconf 85' lang='lat' dir='ltr'>Ecclesiam.</span> <span class='ocrx_word' id='word_1_148' title='bbox 320 1241 339 1283; x_wconf 89' lang='lat'>†</span> <span class='ocrx_word' id='word_1_149' title='bbox 361 1242 407 1274; x_wconf 88' lang='lat'>18.</span> <span class='ocrx_word' id='word_1_150' title='bbox 430 1242 508 1283; x_wconf 85' lang='lat' dir='ltr'>Aug.</span> <span class='ocrx_word' id='word_1_151' title='bbox 533 1241 618 1273; x_wconf 86' lang='lat'>1733.</span> 
     </span>
    </p>
   </div>
   <div class='ocr_carea' id='block_1_11' title="bbox 54 1293 1076 1425">
    <p class='ocr_par' dir='ltr' id='par_1_11' title="bbox 54 1293 1076 1425">
     <span class='ocr_line' id='line_1_23' title="bbox 133 1293 1075 1335; baseline -0.004 -8"><span class='ocrx_word' id='word_1_152' title='bbox 133 1294 201 1327; x_wconf 77' lang='lat' dir='ltr'>Jae.</span> <span class='ocrx_word' id='word_1_153' title='bbox 240 1294 407 1335; x_wconf 76' lang='lat' dir='ltr'>Philippus</span> <span class='ocrx_word' id='word_1_154' title='bbox 442 1295 619 1332; x_wconf 74' lang='lat' dir='ltr'>Lallemaut,</span> <span class='ocrx_word' id='word_1_155' title='bbox 657 1298 721 1331; x_wconf 83' lang='lat' dir='ltr'>nat.</span> <span class='ocrx_word' id='word_1_156' title='bbox 760 1294 846 1331; x_wconf 83' lang='lat'>1660,</span> <span class='ocrx_word' id='word_1_157' title='bbox 884 1293 960 1334; x_wconf 87' lang='lat' dir='ltr'>ingr.</span> <span class='ocrx_word' id='word_1_158' title='bbox 1000 1294 1075 1324; x_wconf 88' lang='lat'>1677</span> 
     </span>
     <span class='ocr_line' id='line_1_24' title="bbox 55 1337 1076 1381; baseline -0.003 -10"><span class='ocrx_word' id='word_1_159' title='bbox 55 1338 205 1381; x_wconf 86' lang='lat' dir='ltr'>(Franc.),</span> <span class='ocrx_word' id='word_1_160' title='bbox 232 1339 390 1381; x_wconf 81' lang='lat' dir='ltr'>ingeniose</span> <span class='ocrx_word' id='word_1_161' title='bbox 417 1343 449 1371; x_wconf 88' lang='lat' dir='ltr'>et</span> <span class='ocrx_word' id='word_1_162' title='bbox 477 1349 545 1371; x_wconf 86' lang='lat' dir='ltr'>cum</span> <span class='ocrx_word' id='word_1_163' title='bbox 575 1349 715 1370; x_wconf 87' lang='lat' dir='ltr'>successu</span> <span class='ocrx_word' id='word_1_164' title='bbox 745 1338 939 1379; x_wconf 84' lang='lat' dir='ltr'>oppugnavit</span> <span class='ocrx_word' id='word_1_165' title='bbox 968 1337 1076 1369; x_wconf 77' lang='lat' dir='ltr'>-Janse-</span> 
     </span>
     <span class='ocr_line' id='line_1_25' title="bbox 54 1383 701 1425; baseline -0.002 -10"><span class='ocrx_word' id='word_1_166' title='bbox 54 1383 189 1415; x_wconf 86' lang='lat' dir='ltr'>nismum</span> <span class='ocrx_word' id='word_1_167' title='bbox 215 1383 381 1421; x_wconf 87' lang='lat' dir='ltr'>Quesnelii.</span> <span class='ocrx_word' id='word_1_168' title='bbox 403 1383 422 1425; x_wconf 56' lang='grc' dir='ltr'>Τ</span> <span class='ocrx_word' id='word_1_169' title='bbox 443 1384 490 1415; x_wconf 90' lang='grc'>24.</span> <span class='ocrx_word' id='word_1_170' title='bbox 513 1383 591 1425; x_wconf 87' lang='lat' dir='ltr'>Aug.</span> <span class='ocrx_word' id='word_1_171' title='bbox 615 1384 701 1415; x_wconf 88' lang='lat'>1748.</span> 
     </span>
    </p>
   </div>
   <div class='ocr_carea' id='block_1_12' title="bbox 55 1435 1077 1523">
    <p class='ocr_par' dir='ltr' id='par_1_12' title="bbox 55 1435 1077 1523">
     <span class='ocr_line' id='line_1_26' title="bbox 133 1435 1077 1477; baseline -0.003 -9"><span class='ocrx_word' id='word_1_172' title='bbox 133 1436 209 1469; x_wconf 73' lang='lat' dir='ltr'>[sud.</span> <span class='ocrx_word' id='word_1_173' title='bbox 223 1436 393 1475; x_wconf 81' lang='lat' dir='ltr'>Patouillel,</span> <span class='ocrx_word' id='word_1_174' title='bbox 412 1440 477 1468; x_wconf 85' lang='lat' dir='ltr'>nat.</span> <span class='ocrx_word' id='word_1_175' title='bbox 498 1437 584 1474; x_wconf 91' lang='lat'>1699,</span> <span class='ocrx_word' id='word_1_176' title='bbox 603 1436 679 1477; x_wconf 89' lang='lat' dir='ltr'>ingr.</span> <span class='ocrx_word' id='word_1_177' title='bbox 692 1436 777 1473; x_wconf 87' lang='lat'>1715,</span> <span class='ocrx_word' id='word_1_178' title='bbox 787 1435 989 1477; x_wconf 85' lang='lat' dir='ltr'>oppugnabat</span> <span class='ocrx_word' id='word_1_179' title='bbox 1002 1435 1077 1466; x_wconf 82' lang='lat' dir='ltr'>Jan-</span> 
     </span>
     <span class='ocr_line' id='line_1_27' title="bbox 55 1480 1012 1523; baseline -0.002 -10"><span class='ocrx_word' id='word_1_180' title='bbox 55 1480 186 1513; x_wconf 88' lang='lat' dir='ltr'>senistas</span> <span class='ocrx_word' id='word_1_181' title='bbox 212 1484 244 1513; x_wconf 92' lang='lat' dir='ltr'>et</span> <span class='ocrx_word' id='word_1_182' title='bbox 268 1480 468 1523; x_wconf 90' lang='lat' dir='ltr'>philosophos</span> <span class='ocrx_word' id='word_1_183' title='bbox 494 1481 597 1512; x_wconf 87' lang='lat' dir='ltr'>saeculi</span> <span class='ocrx_word' id='word_1_184' title='bbox 623 1481 669 1512; x_wconf 91' lang='lat'>18.</span> <span class='ocrx_word' id='word_1_185' title='bbox 695 1481 715 1522; x_wconf 88' lang='lat'>†</span> <span class='ocrx_word' id='word_1_186' title='bbox 740 1480 899 1512; x_wconf 88' lang='lat' dir='ltr'>Avenione</span> <span class='ocrx_word' id='word_1_187' title='bbox 926 1480 1012 1511; x_wconf 87' lang='lat'>1779.</span> 
     </span>
    </p>
   </div>
   <div class='ocr_carea' id='block_1_13' title="bbox 55 1533 1077 1665">
    <p class='ocr_par' dir='ltr' id='par_1_13' title="bbox 55 1533 1077 1665">
     <span class='ocr_line' id='line_1_28' title="bbox 134 1533 1075 1574; baseline -0.002 -9"><span class='ocrx_word' id='word_1_188' title='bbox 134 1533 240 1566; x_wconf 79' lang='lat' dir='ltr'>Claud.</span> <span class='ocrx_word' id='word_1_189' title='bbox 267 1534 425 1566; x_wconf 74' lang='lat' dir='ltr'>Adrianus</span> <span class='ocrx_word' id='word_1_190' title='bbox 451 1534 609 1572; x_wconf 75' lang='lat' dir='ltr'>Normolte,</span> <span class='ocrx_word' id='word_1_191' title='bbox 636 1538 701 1566; x_wconf 82' lang='lat' dir='ltr'>nat.</span> <span class='ocrx_word' id='word_1_192' title='bbox 730 1534 816 1571; x_wconf 88' lang='lat'>1711,</span> <span class='ocrx_word' id='word_1_193' title='bbox 844 1533 920 1574; x_wconf 84' lang='lat' dir='ltr'>ingr.</span> <span class='ocrx_word' id='word_1_194' title='bbox 943 1534 969 1564; x_wconf 90' lang='lat'>7.</span> <span class='ocrx_word' id='word_1_195' title='bbox 990 1534 1075 1573; x_wconf 87' lang='lat' dir='ltr'>Sept.</span> 
     </span>
     <span class='ocr_line' id='line_1_29' title="bbox 55 1577 1077 1620; baseline -0.003 -10"><span class='ocrx_word' id='word_1_196' title='bbox 55 1578 143 1617; x_wconf 86' lang='lat'>1730,</span> <span class='ocrx_word' id='word_1_197' title='bbox 166 1578 356 1610; x_wconf 82' lang='lat' dir='ltr'>defendebat</span> <span class='ocrx_word' id='word_1_198' title='bbox 377 1578 554 1620; x_wconf 85' lang='lat' dir='ltr'>religionem</span> <span class='ocrx_word' id='word_1_199' title='bbox 579 1582 688 1610; x_wconf 86' lang='lat' dir='ltr'>contra</span> <span class='ocrx_word' id='word_1_200' title='bbox 709 1578 892 1616; x_wconf 86' lang='lat' dir='ltr'>incredulos,</span> <span class='ocrx_word' id='word_1_201' title='bbox 916 1577 1077 1618; x_wconf 76' lang='lat' dir='ltr'>speciatim</span> 
     </span>
     <span class='ocr_line' id='line_1_30' title="bbox 55 1622 856 1665; baseline -0.001 -10"><span class='ocrx_word' id='word_1_202' title='bbox 55 1626 165 1655; x_wconf 88' lang='lat' dir='ltr'>contra</span> <span class='ocrx_word' id='word_1_203' title='bbox 186 1622 334 1655; x_wconf 87' lang='lat' dir='ltr'>Voltaire.</span> <span class='ocrx_word' id='word_1_204' title='bbox 357 1623 376 1665; x_wconf 90' lang='lat'><strong>†</strong></span> <span class='ocrx_word' id='word_1_205' title='bbox 399 1623 587 1655; x_wconf 89' lang='lat' dir='ltr'>Vesontione</span> <span class='ocrx_word' id='word_1_206' title='bbox 609 1624 637 1654; x_wconf 88' lang='lat'>3.</span> <span class='ocrx_word' id='word_1_207' title='bbox 661 1623 746 1664; x_wconf 83' lang='lat' dir='ltr'>Sept.</span> <span class='ocrx_word' id='word_1_208' title='bbox 771 1623 856 1654; x_wconf 88' lang='lat'>1793.</span> 
     </span>
    </p>
   </div>
   <div class='ocr_carea' id='block_1_14' title="bbox 55 1675 1077 1807">
    <p class='ocr_par' dir='ltr' id='par_1_14' title="bbox 55 1675 1077 1807">
     <span class='ocr_line' id='line_1_31' title="bbox 133 1675 1074 1717; baseline -0.002 -9"><span class='ocrx_word' id='word_1_209' title='bbox 133 1678 202 1710; x_wconf 81' lang='lat' dir='ltr'>Gul.</span> <span class='ocrx_word' id='word_1_210' title='bbox 218 1678 328 1710; x_wconf 80' lang='lat' dir='ltr'>Franc.</span> <span class='ocrx_word' id='word_1_211' title='bbox 346 1678 495 1714; x_wconf 63' lang='lat' dir='ltr'>Bouhier,</span> <span class='ocrx_word' id='word_1_212' title='bbox 514 1680 578 1708; x_wconf 89' lang='lat' dir='ltr'>nat.</span> <span class='ocrx_word' id='word_1_213' title='bbox 599 1677 624 1708; x_wconf 91' lang='lat'>7.</span> <span class='ocrx_word' id='word_1_214' title='bbox 644 1676 717 1717; x_wconf 86' lang='lat' dir='ltr'>Apr.</span> <span class='ocrx_word' id='word_1_215' title='bbox 738 1676 824 1713; x_wconf 88' lang='lat'>1704,</span> <span class='ocrx_word' id='word_1_216' title='bbox 844 1675 919 1717; x_wconf 83' lang='lat' dir='ltr'>ingr.</span> <span class='ocrx_word' id='word_1_217' title='bbox 940 1676 986 1707; x_wconf 86' lang='lat'>24.</span> <span class='ocrx_word' id='word_1_218' title='bbox 1006 1675 1074 1706; x_wconf 89' lang='lat' dir='ltr'>Oct.</span> 
     </span>
     <span class='ocr_line' id='line_1_32' title="bbox 55 1720 1077 1762; baseline -0.001 -10"><span class='ocrx_word' id='word_1_219' title='bbox 55 1721 142 1759; x_wconf 86' lang='lat'>1722,</span> <span class='ocrx_word' id='word_1_220' title='bbox 169 1720 323 1762; x_wconf 89' lang='lat' dir='ltr'>dirigebat</span> <span class='ocrx_word' id='word_1_221' title='bbox 349 1731 425 1762; x_wconf 92' lang='lat' dir='ltr'>opus</span> <span class='ocrx_word' id='word_1_222' title='bbox 453 1721 634 1759; x_wconf 76' lang='lat' dir='ltr'>„Memoires</span> <span class='ocrx_word' id='word_1_223' title='bbox 661 1721 698 1752; x_wconf 92' lang='lat' dir='ltr'>dc</span> <span class='ocrx_word' id='word_1_224' title='bbox 719 1720 894 1757; x_wconf 66' lang='lat' dir='ltr'>Trevoux‘⁴,</span> <span class='ocrx_word' id='word_1_225' title='bbox 922 1720 974 1751; x_wconf 89' lang='lat' dir='ltr'>ubi</span> <span class='ocrx_word' id='word_1_226' title='bbox 1003 1730 1077 1760; x_wconf 84' lang='lat' dir='ltr'>prae-</span> 
     </span>
     <span class='ocr_line' id='line_1_33' title="bbox 55 1765 1077 1807; baseline -0.002 -10"><span class='ocrx_word' id='word_1_227' title='bbox 55 1765 136 1797; x_wconf 87' lang='lat' dir='ltr'>clare</span> <span class='ocrx_word' id='word_1_228' title='bbox 162 1765 330 1807; x_wconf 84' lang='lat' dir='ltr'>respondet</span> <span class='ocrx_word' id='word_1_229' title='bbox 358 1765 584 1807; x_wconf 86' lang='lat' dir='ltr'>objectionibus</span> <span class='ocrx_word' id='word_1_230' title='bbox 612 1765 940 1806; x_wconf 82' lang='lat' dir='ltr'>encyclopaedistarum</span> <span class='ocrx_word' id='word_1_231' title='bbox 970 1768 1077 1795; x_wconf 82' lang='lat' dir='ltr'>contra</span> 
     </span>
    </p>
   </div>
   <div class='ocr_carea' id='block_1_15' title="bbox 54 1808 1078 1896">
    <p class='ocr_par' dir='ltr' id='par_1_15' title="bbox 54 1808 1078 1896">
     <span class='ocr_line' id='line_1_34' title="bbox 54 1808 1078 1851; baseline -0.002 -9"><span class='ocrx_word' id='word_1_232' title='bbox 54 1809 247 1851; x_wconf 62' lang='lat' dir='ltr'>religionem</span> <span class='ocrx_word' id='word_1_233' title='bbox 296 1809 493 1842; x_wconf 89' lang='lat' dir='ltr'>continuavit</span> <span class='ocrx_word' id='word_1_234' title='bbox 538 1810 694 1841; x_wconf 73' lang='lat' dir='ltr'>historiam</span> <span class='ocrx_word' id='word_1_235' title='bbox 733 1809 874 1841; x_wconf 70' lang='lat' dir='ltr'>Ecclesiae</span> <span class='ocrx_word' id='word_1_236' title='bbox 914 1808 1078 1841; x_wconf 65' lang='lat' dir='ltr'>Gallicam</span> 
     </span>
     <span class='ocr_line' id='line_1_35' title="bbox 54 1853 572 1896; baseline -0.002 -10"><span class='ocrx_word' id='word_1_237' title='bbox 54 1853 74 1896; x_wconf 85' lang='lat'>†</span> <span class='ocrx_word' id='word_1_238' title='bbox 97 1854 290 1896; x_wconf 85' lang='lat' dir='ltr'>Biturigibus</span> <span class='ocrx_word' id='word_1_239' title='bbox 314 1854 360 1886; x_wconf 91' lang='lat'>15.</span> <span class='ocrx_word' id='word_1_240' title='bbox 386 1855 460 1887; x_wconf 91' lang='lat' dir='ltr'>Dec.</span> <span class='ocrx_word' id='word_1_241' title='bbox 485 1855 572 1886; x_wconf 87' lang='lat'>1782.</span> 
     </span>
    </p>
   </div>
   <div class='ocr_carea' id='block_1_16' title="bbox 54 1907 1079 2118">
    <p class='ocr_par' dir='ltr' id='par_1_16' title="bbox 54 1907 1079 2118">
     <span class='ocr_line' id='line_1_36' title="bbox 133 1907 1076 1949; baseline 0 -11"><span class='ocrx_word' id='word_1_242' title='bbox 133 1909 325 1944; x_wconf 80' lang='lat' dir='ltr'>Augustinus</span> <span class='ocrx_word' id='word_1_243' title='bbox 338 1909 374 1938; x_wconf 83' lang='lat' dir='ltr'>de</span> <span class='ocrx_word' id='word_1_244' title='bbox 388 1909 525 1945; x_wconf 89' lang='lat' dir='ltr'>Barruel,</span> <span class='ocrx_word' id='word_1_245' title='bbox 540 1911 605 1939; x_wconf 86' lang='lat' dir='ltr'>nat.</span> <span class='ocrx_word' id='word_1_246' title='bbox 621 1908 648 1939; x_wconf 93' lang='lat'>2.</span> <span class='ocrx_word' id='word_1_247' title='bbox 665 1907 733 1939; x_wconf 86' lang='lat' dir='ltr'>Oct.</span> <span class='ocrx_word' id='word_1_248' title='bbox 750 1908 837 1945; x_wconf 84' lang='lat'>1741,</span> <span class='ocrx_word' id='word_1_249' title='bbox 852 1907 928 1949; x_wconf 83' lang='lat' dir='ltr'>ingr.</span> <span class='ocrx_word' id='word_1_250' title='bbox 946 1907 991 1938; x_wconf 90' lang='lat'>15.</span> <span class='ocrx_word' id='word_1_251' title='bbox 1008 1907 1076 1938; x_wconf 90' lang='lat' dir='ltr'>Oct.</span> 
     </span>
     <span class='ocr_line' id='line_1_37' title="bbox 56 1951 1077 1992; baseline -0.001 -9"><span class='ocrx_word' id='word_1_252' title='bbox 56 1951 143 1990; x_wconf 88' lang='lat'>1756,</span> <span class='ocrx_word' id='word_1_253' title='bbox 170 1955 202 1984; x_wconf 90' lang='lat' dir='ltr'>et</span> <span class='ocrx_word' id='word_1_254' title='bbox 226 1951 339 1984; x_wconf 86' lang='lat' dir='ltr'>iterum</span> <span class='ocrx_word' id='word_1_255' title='bbox 365 1952 397 1983; x_wconf 92' lang='lat' dir='ltr'>in</span> <span class='ocrx_word' id='word_1_256' title='bbox 423 1962 537 1984; x_wconf 89' lang='lat' dir='ltr'>novam</span> <span class='ocrx_word' id='word_1_257' title='bbox 563 1952 630 1984; x_wconf 85' lang='lat' dir='ltr'>Soc.</span> <span class='ocrx_word' id='word_1_258' title='bbox 659 1952 750 1989; x_wconf 87' lang='lat'>1815;</span> <span class='ocrx_word' id='word_1_259' title='bbox 778 1952 871 1983; x_wconf 84' lang='lat' dir='ltr'>theol.</span> <span class='ocrx_word' id='word_1_260' title='bbox 898 1951 1077 1992; x_wconf 84' lang='lat' dir='ltr'>polcmicus,</span> 
     </span>
     <span class='ocr_line' id='line_1_38' title="bbox 54 1995 1077 2038; baseline -0.002 -10"><span class='ocrx_word' id='word_1_261' title='bbox 54 1995 230 2038; x_wconf 88' lang='lat' dir='ltr'>ingeniosus</span> <span class='ocrx_word' id='word_1_262' title='bbox 269 1996 302 2028; x_wconf 91' lang='lat' dir='ltr'>in</span> <span class='ocrx_word' id='word_1_263' title='bbox 342 1996 527 2038; x_wconf 81' lang='lat' dir='ltr'>indagandis</span> <span class='ocrx_word' id='word_1_264' title='bbox 568 1996 852 2028; x_wconf 82' lang='lat' dir='ltr'>machinationibus</span> <span class='ocrx_word' id='word_1_265' title='bbox 893 1996 1077 2027; x_wconf 76' lang='lat' dir='ltr'>societatum</span> 
     </span>
     <span class='ocr_line' id='line_1_39' title="bbox 55 2040 1079 2083; baseline -0.001 -11"><span class='ocrx_word' id='word_1_266' title='bbox 55 2040 362 2073; x_wconf 88' lang='lat' dir='ltr'>antichristianarum</span> <span class='ocrx_word' id='word_1_267' title='bbox 393 2041 566 2073; x_wconf 90' lang='lat' dir='ltr'>rebellionis</span> <span class='ocrx_word' id='word_1_268' title='bbox 597 2041 724 2083; x_wconf 83' lang='lat' dir='ltr'>gallicae.</span> <span class='ocrx_word' id='word_1_269' title='bbox 755 2041 775 2082; x_wconf 91' lang='lat'>†</span> <span class='ocrx_word' id='word_1_270' title='bbox 805 2040 930 2072; x_wconf 85' lang='lat' dir='ltr'>Parisiis</span> <span class='ocrx_word' id='word_1_271' title='bbox 961 2041 988 2072; x_wconf 88' lang='lat'>5.</span> <span class='ocrx_word' id='word_1_272' title='bbox 1022 2040 1079 2072; x_wconf 87' lang='lat' dir='ltr'>Oc—</span> 
     </span>
     <span class='ocr_line' id='line_1_40' title="bbox 56 2084 260 2118; baseline 0 -1"><span class='ocrx_word' id='word_1_273' title='bbox 56 2084 153 2118; x_wconf 89' lang='lat' dir='ltr'>tobris</span> <span class='ocrx_word' id='word_1_274' title='bbox 173 2085 260 2118; x_wconf 89' lang='lat'>1820.</span> 
     </span>
    </p>
   </div>
   <div class='ocr_carea' id='block_1_17' title="bbox 379 2145 758 2175">
    <p class='ocr_par' dir='ltr' id='par_1_17' title="bbox 379 2145 758 2175">
     <span class='ocr_line' id='line_1_41' title="bbox 379 2145 758 2175; baseline 0.003 -1"><span class='ocrx_word' id='word_1_275' title='bbox 379 2145 416 2174; x_wconf 93' lang='lat' dir='ltr'>In</span> <span class='ocrx_word' id='word_1_276' title='bbox 434 2145 577 2174; x_wconf 85' lang='lat' dir='ltr'>restituta</span> <span class='ocrx_word' id='word_1_277' title='bbox 599 2145 758 2175; x_wconf 76' lang='lat' dir='ltr'>societate.</span> 
     </span>
    </p>
   </div>
   <div class='ocr_carea' id='block_1_18' title="bbox 57 2200 1080 2375">
    <p class='ocr_par' dir='ltr' id='par_1_18' title="bbox 57 2200 1080 2375">
     <span class='ocr_line' id='line_1_42' title="bbox 140 2200 1078 2241; baseline -0.001 -9"><span class='ocrx_word' id='word_1_278' title='bbox 140 2202 190 2232; x_wconf 88' lang='lat' dir='ltr'>Jo.</span> <span class='ocrx_word' id='word_1_279' title='bbox 218 2202 368 2232; x_wconf 77' lang='lat' dir='ltr'>xaverius</span> <span class='ocrx_word' id='word_1_280' title='bbox 394 2202 537 2238; x_wconf 87' lang='lat' dir='ltr'>Gagarin‚</span> <span class='ocrx_word' id='word_1_281' title='bbox 566 2211 582 2232; x_wconf 88' lang='lat' dir='ltr'>e</span> <span class='ocrx_word' id='word_1_282' title='bbox 610 2201 706 2241; x_wconf 87' lang='lat' dir='ltr'>stirpe</span> <span class='ocrx_word' id='word_1_283' title='bbox 734 2200 830 2231; x_wconf 89' lang='lat' dir='ltr'>nobili</span> <span class='ocrx_word' id='word_1_284' title='bbox 860 2210 955 2237; x_wconf 84' lang='lat' dir='ltr'>russa,</span> <span class='ocrx_word' id='word_1_285' title='bbox 987 2204 1078 2231; x_wconf 83' lang='lat' dir='ltr'>natus</span> 
     </span>
     <span class='ocr_line' id='line_1_43' title="bbox 57 2244 1077 2287; baseline -0.001 -11"><span class='ocrx_word' id='word_1_286' title='bbox 57 2244 192 2277; x_wconf 83' lang='lat' dir='ltr'>Moscuae</span> <span class='ocrx_word' id='word_1_287' title='bbox 214 2245 240 2277; x_wconf 96' lang='lat'>1.</span> <span class='ocrx_word' id='word_1_288' title='bbox 263 2245 342 2287; x_wconf 89' lang='lat' dir='ltr'>Aug.</span> <span class='ocrx_word' id='word_1_289' title='bbox 367 2245 453 2284; x_wconf 88' lang='grc'>1814,</span> <span class='ocrx_word' id='word_1_290' title='bbox 477 2244 647 2277; x_wconf 88' lang='lat' dir='ltr'>catholicus</span> <span class='ocrx_word' id='word_1_291' title='bbox 671 2245 756 2283; x_wconf 90' lang='grc'>1842,</span> <span class='ocrx_word' id='word_1_292' title='bbox 781 2244 933 2276; x_wconf 84' lang='lat' dir='ltr'>admissus</span> <span class='ocrx_word' id='word_1_293' title='bbox 955 2244 987 2276; x_wconf 92' lang='lat' dir='ltr'>in</span> <span class='ocrx_word' id='word_1_294' title='bbox 1010 2245 1077 2276; x_wconf 90' lang='lat' dir='ltr'>Soc.</span> 
     </span>
     <span class='ocr_line' id='line_1_44' title="bbox 59 2289 1080 2331; baseline -0.001 -10"><span class='ocrx_word' id='word_1_295' title='bbox 59 2289 105 2321; x_wconf 89' lang='lat'>12.</span> <span class='ocrx_word' id='word_1_296' title='bbox 122 2289 201 2331; x_wconf 87' lang='lat' dir='ltr'>Aug.</span> <span class='ocrx_word' id='word_1_297' title='bbox 219 2289 306 2328; x_wconf 87' lang='lat'>1843,</span> <span class='ocrx_word' id='word_1_298' title='bbox 323 2289 446 2331; x_wconf 89' lang='lat' dir='ltr'>scriptis</span> <span class='ocrx_word' id='word_1_299' title='bbox 462 2289 523 2321; x_wconf 90' lang='lat' dir='ltr'>suis</span> <span class='ocrx_word' id='word_1_300' title='bbox 540 2289 571 2321; x_wconf 91' lang='lat' dir='ltr'>id</span> <span class='ocrx_word' id='word_1_301' title='bbox 586 2289 737 2331; x_wconf 88' lang='lat' dir='ltr'>imprimis</span> <span class='ocrx_word' id='word_1_302' title='bbox 752 2289 897 2326; x_wconf 86' lang='lat' dir='ltr'>intendit,</span> <span class='ocrx_word' id='word_1_303' title='bbox 916 2293 951 2320; x_wconf 89' lang='lat' dir='ltr'>ut</span> <span class='ocrx_word' id='word_1_304' title='bbox 968 2289 1080 2320; x_wconf 86' lang='lat' dir='ltr'>Russia</span> 
     </span>
     <span class='ocr_line' id='line_1_45' title="bbox 59 2333 1079 2375; baseline -0.001 -10"><span class='ocrx_word' id='word_1_305' title='bbox 59 2333 99 2365; x_wconf 87' lang='lat' dir='ltr'>ad</span> <span class='ocrx_word' id='word_1_306' title='bbox 122 2333 292 2366; x_wconf 88' lang='lat' dir='ltr'>Ecclesiam</span> <span class='ocrx_word' id='word_1_307' title='bbox 317 2333 501 2366; x_wconf 84' lang='lat' dir='ltr'>catholicam</span> <span class='ocrx_word' id='word_1_308' title='bbox 526 2334 651 2375; x_wconf 90' lang='lat' dir='ltr'>propius</span> <span class='ocrx_word' id='word_1_309' title='bbox 676 2334 848 2371; x_wconf 73' lang='lat' dir='ltr'>accederet3</span> <span class='ocrx_word' id='word_1_310' title='bbox 873 2337 905 2365; x_wconf 86' lang='lat' dir='ltr'>et</span> <span class='ocrx_word' id='word_1_311' title='bbox 928 2344 997 2365; x_wconf 88' lang='lat' dir='ltr'>cum</span> <span class='ocrx_word' id='word_1_312' title='bbox 1022 2333 1079 2365; x_wconf 85' lang='lat' dir='ltr'>Ca-</span> 
     </span>
    </p>
   </div>
   <div class='ocr_carea' id='block_1_19' title="bbox 57 2377 1079 2464">
    <p class='ocr_par' dir='ltr' id='par_1_19' title="bbox 57 2377 1079 2464">
     <span class='ocr_line' id='line_1_46' title="bbox 58 2377 1079 2420; baseline -0.001 -10"><span class='ocrx_word' id='word_1_313' title='bbox 58 2378 119 2410; x_wconf 88' lang='lat' dir='ltr'>rolo</span> <span class='ocrx_word' id='word_1_314' title='bbox 157 2377 269 2410; x_wconf 79' lang='lat' dir='ltr'>Daniel</span> <span class='ocrx_word' id='word_1_315' title='bbox 304 2378 400 2420; x_wconf 87' lang='lat' dir='ltr'>coepit</span> <span class='ocrx_word' id='word_1_316' title='bbox 435 2378 523 2410; x_wconf 90' lang='lat' dir='ltr'>edere</span> <span class='ocrx_word' id='word_1_317' title='bbox 559 2378 795 2410; x_wconf 84' lang='lat' dir='ltr'>commentarios</span> <span class='ocrx_word' id='word_1_318' title='bbox 833 2378 973 2416; x_wconf 80' lang='lat' dir='ltr'>„Etudes</span> <span class='ocrx_word' id='word_1_319' title='bbox 1012 2378 1079 2410; x_wconf 89' lang='lat' dir='ltr'>reli-</span> 
     </span>
     <span class='ocr_line' id='line_1_47' title="bbox 57 2422 754 2464; baseline 0 -10"><span class='ocrx_word' id='word_1_320' title='bbox 57 2422 198 2464; x_wconf 84' lang='lat' dir='ltr'>gieuses“</span> <span class='ocrx_word' id='word_1_321' title='bbox 220 2422 307 2455; x_wconf 87' lang='grc'>1856.</span> <span class='ocrx_word' id='word_1_322' title='bbox 328 2422 347 2464; x_wconf 85' lang='lat'><strong>†</strong></span> <span class='ocrx_word' id='word_1_323' title='bbox 367 2422 491 2454; x_wconf 85' lang='lat' dir='ltr'>Parisiis</span> <span class='ocrx_word' id='word_1_324' title='bbox 513 2423 559 2454; x_wconf 88' lang='lat'>19.</span> <span class='ocrx_word' id='word_1_325' title='bbox 583 2423 644 2455; x_wconf 87' lang='lat' dir='ltr'>Jul.</span> <span class='ocrx_word' id='word_1_326' title='bbox 668 2423 754 2454; x_wconf 90' lang='lat'>1882.</span> 
     </span>
    </p>
   </div>
   <div class='ocr_carea' id='block_1_20' title="bbox 103 2501 1038 2543">
    <p class='ocr_par' dir='ltr' id='par_1_20' title="bbox 103 2501 1038 2543">
     <span class='ocr_line' id='line_1_48' title="bbox 103 2501 1038 2543; baseline 0.001 -10"><span class='ocrx_word' id='word_1_327' title='bbox 103 2510 137 2535; x_wconf 79' lang='lat' dir='ltr'>e.</span> <span class='ocrx_word' id='word_1_328' title='bbox 160 2501 395 2543; x_wconf 71' lang='lat' dir='ltr'>&#39;theologia</span> <span class='ocrx_word' id='word_1_329' title='bbox 418 2501 601 2536; x_wconf 74' lang='lat' dir='ltr'>moralis</span> <span class='ocrx_word' id='word_1_330' title='bbox 625 2502 677 2542; x_wconf 76' lang='lat' dir='ltr'>(cf.</span> <span class='ocrx_word' id='word_1_331' title='bbox 701 2502 805 2534; x_wconf 85' lang='lat' dir='ltr'>Theoi.</span> <span class='ocrx_word' id='word_1_332' title='bbox 830 2502 1038 2542; x_wconf 84' lang='lat' dir='ltr'>scholastica).</span> 
     </span>
    </p>
   </div>
   <div class='ocr_carea' id='block_1_21' title="bbox 60 2567 1079 2698">
    <p class='ocr_par' dir='ltr' id='par_1_21' title="bbox 60 2567 1079 2698">
     <span class='ocr_line' id='line_1_49' title="bbox 143 2567 1079 2609; baseline 0.001 -11"><span class='ocrx_word' id='word_1_333' title='bbox 143 2568 279 2598; x_wconf 83' lang='lat' dir='ltr'>Joannes</span> <span class='ocrx_word' id='word_1_334' title='bbox 293 2569 384 2604; x_wconf 76' lang='lat' dir='ltr'>Amr,</span> <span class='ocrx_word' id='word_1_335' title='bbox 398 2571 463 2599; x_wconf 88' lang='lat' dir='ltr'>nat.</span> <span class='ocrx_word' id='word_1_336' title='bbox 480 2567 584 2600; x_wconf 84' lang='lat' dir='ltr'>Lorcae</span> <span class='ocrx_word' id='word_1_337' title='bbox 597 2568 629 2600; x_wconf 90' lang='lat' dir='ltr'>in</span> <span class='ocrx_word' id='word_1_338' title='bbox 646 2568 807 2609; x_wconf 82' lang='lat' dir='ltr'>Hispania,</span> <span class='ocrx_word' id='word_1_339' title='bbox 824 2568 900 2600; x_wconf 84' lang='lat'>1559</span> <span class='ocrx_word' id='word_1_340' title='bbox 915 2568 1079 2609; x_wconf 87' lang='lat' dir='ltr'>ingressus,</span> 
     </span>
     <span class='ocr_line' id='line_1_50' title="bbox 60 2611 1079 2654; baseline 0.002 -12"><span class='ocrx_word' id='word_1_341' title='bbox 60 2611 215 2652; x_wconf 80' lang='lat' dir='ltr'>professus</span> <span class='ocrx_word' id='word_1_342' title='bbox 250 2614 298 2643; x_wconf 89' lang='lat' dir='ltr'>est</span> <span class='ocrx_word' id='word_1_343' title='bbox 331 2611 559 2653; x_wconf 87' lang='lat' dir='ltr'>philosophiam</span> <span class='ocrx_word' id='word_1_344' title='bbox 595 2616 627 2644; x_wconf 91' lang='lat' dir='ltr'>et</span> <span class='ocrx_word' id='word_1_345' title='bbox 661 2612 848 2654; x_wconf 83' lang='lat' dir='ltr'>theologiam</span> <span class='ocrx_word' id='word_1_346' title='bbox 885 2612 916 2644; x_wconf 92' lang='lat' dir='ltr'>in</span> <span class='ocrx_word' id='word_1_347' title='bbox 952 2613 1079 2644; x_wconf 85' lang='lat' dir='ltr'>diversis</span> 
     </span>
     <span class='ocr_line' id='line_1_51' title="bbox 61 2654 863 2698; baseline 0.002 -11"><span class='ocrx_word' id='word_1_348' title='bbox 61 2654 199 2694; x_wconf 89' lang='lat' dir='ltr'>urbibus,</span> <span class='ocrx_word' id='word_1_349' title='bbox 218 2655 351 2697; x_wconf 90' lang='lat' dir='ltr'>denique</span> <span class='ocrx_word' id='word_1_350' title='bbox 371 2656 487 2694; x_wconf 83' lang='lat' dir='ltr'>Romae,</span> <span class='ocrx_word' id='word_1_351' title='bbox 508 2656 561 2688; x_wconf 92' lang='lat' dir='ltr'>ubi</span> <span class='ocrx_word' id='word_1_352' title='bbox 577 2657 597 2698; x_wconf 88' lang='lat'>†</span> <span class='ocrx_word' id='word_1_353' title='bbox 616 2657 662 2689; x_wconf 88' lang='lat'>19.</span> <span class='ocrx_word' id='word_1_354' title='bbox 682 2657 756 2689; x_wconf 89' lang='lat' dir='ltr'>Feb.</span> <span class='ocrx_word' id='word_1_355' title='bbox 777 2657 863 2689; x_wconf 88' lang='lat'>1603.</span> 
     </span>
    </p>
   </div>
   <div class='ocr_carea' id='block_1_22' title="bbox 60 2709 1080 2840">
    <p class='ocr_par' dir='ltr' id='par_1_22' title="bbox 60 2709 1080 2840">
     <span class='ocr_line' id='line_1_52' title="bbox 140 2709 1079 2751; baseline 0.002 -12"><span class='ocrx_word' id='word_1_356' title='bbox 140 2710 274 2740; x_wconf 85' lang='lat' dir='ltr'>Thomas</span> <span class='ocrx_word' id='word_1_357' title='bbox 291 2710 437 2746; x_wconf 71' lang='lat' dir='ltr'>saneim,</span> <span class='ocrx_word' id='word_1_358' title='bbox 451 2709 601 2741; x_wconf 75' lang='lat' dir='ltr'>Cordubae</span> <span class='ocrx_word' id='word_1_359' title='bbox 615 2713 708 2742; x_wconf 87' lang='lat' dir='ltr'>natus</span> <span class='ocrx_word' id='word_1_360' title='bbox 723 2710 809 2748; x_wconf 88' lang='lat'>1550,</span> <span class='ocrx_word' id='word_1_361' title='bbox 825 2709 978 2751; x_wconf 88' lang='lat' dir='ltr'>ingressus</span> <span class='ocrx_word' id='word_1_362' title='bbox 993 2710 1079 2748; x_wconf 88' lang='lat'>1567,</span> 
     </span>
     <span class='ocr_line' id='line_1_53' title="bbox 62 2752 1080 2796; baseline 0.001 -12"><span class='ocrx_word' id='word_1_363' title='bbox 62 2752 186 2794; x_wconf 89' lang='lat' dir='ltr'>copiosa</span> <span class='ocrx_word' id='word_1_364' title='bbox 204 2752 375 2785; x_wconf 83' lang='lat' dir='ltr'>excellebat</span> <span class='ocrx_word' id='word_1_365' title='bbox 393 2753 523 2785; x_wconf 87' lang='lat' dir='ltr'>scientia</span> <span class='ocrx_word' id='word_1_366' title='bbox 539 2754 615 2795; x_wconf 86' lang='lat' dir='ltr'>juris</span> <span class='ocrx_word' id='word_1_367' title='bbox 634 2758 665 2786; x_wconf 90' lang='lat' dir='ltr'>et</span> <span class='ocrx_word' id='word_1_368' title='bbox 684 2754 844 2796; x_wconf 60' lang='lat' dir='ltr'>theologiae</span> <span class='ocrx_word' id='word_1_369' title='bbox 863 2754 996 2792; x_wconf 90' lang='lat' dir='ltr'>moralis,</span> <span class='ocrx_word' id='word_1_370' title='bbox 1017 2764 1080 2785; x_wconf 91' lang='lat' dir='ltr'>ma-</span> 
     </span>
     <span class='ocr_line' id='line_1_54' title="bbox 60 2796 855 2840; baseline 0.003 -12"><span class='ocrx_word' id='word_1_371' title='bbox 60 2796 156 2838; x_wconf 88' lang='lat' dir='ltr'>gister</span> <span class='ocrx_word' id='word_1_372' title='bbox 174 2797 365 2830; x_wconf 89' lang='lat' dir='ltr'>novitiorum</span> <span class='ocrx_word' id='word_1_373' title='bbox 385 2798 540 2830; x_wconf 84' lang='lat' dir='ltr'>Granatae.</span> <span class='ocrx_word' id='word_1_374' title='bbox 562 2798 582 2840; x_wconf 89' lang='lat'>†</span> <span class='ocrx_word' id='word_1_375' title='bbox 602 2799 648 2830; x_wconf 90' lang='lat'>19.</span> <span class='ocrx_word' id='word_1_376' title='bbox 671 2799 745 2840; x_wconf 85' lang='lat' dir='ltr'>Maj.</span> <span class='ocrx_word' id='word_1_377' title='bbox 768 2799 855 2830; x_wconf 90' lang='grc'>1610.</span> 
     </span>
    </p>
   </div>
   <div class='ocr_carea' id='block_1_23' title="bbox 61 2851 1081 2982">
    <p class='ocr_par' dir='ltr' id='par_1_23' title="bbox 61 2851 1081 2982">
     <span class='ocr_line' id='line_1_55' title="bbox 145 2851 1081 2888; baseline 0.002 -7"><span class='ocrx_word' id='word_1_378' title='bbox 145 2851 281 2882; x_wconf 82' lang='lat' dir='ltr'>Joannes</span> <span class='ocrx_word' id='word_1_379' title='bbox 302 2852 338 2882; x_wconf 83' lang='lat' dir='ltr'>de</span> <span class='ocrx_word' id='word_1_380' title='bbox 365 2853 460 2888; x_wconf 87' lang='lat' dir='ltr'>salas,</span> <span class='ocrx_word' id='word_1_381' title='bbox 481 2855 575 2883; x_wconf 85' lang='lat' dir='ltr'>natus</span> <span class='ocrx_word' id='word_1_382' title='bbox 597 2852 624 2883; x_wconf 89' lang='lat'>3.</span> <span class='ocrx_word' id='word_1_383' title='bbox 648 2852 722 2883; x_wconf 89' lang='lat' dir='ltr'>Dec.</span> <span class='ocrx_word' id='word_1_384' title='bbox 746 2852 822 2883; x_wconf 89' lang='lat'>1553</span> <span class='ocrx_word' id='word_1_385' title='bbox 844 2852 876 2883; x_wconf 92' lang='lat' dir='ltr'>in</span> <span class='ocrx_word' id='word_1_386' title='bbox 899 2851 1021 2883; x_wconf 86' lang='lat' dir='ltr'>Gumiel</span> <span class='ocrx_word' id='word_1_387' title='bbox 1043 2852 1081 2883; x_wconf 90' lang='lat' dir='ltr'>de</span> 
     </span>
     <span class='ocr_line' id='line_1_56' title="bbox 61 2893 1081 2937; baseline 0.002 -11"><span class='ocrx_word' id='word_1_388' title='bbox 61 2893 152 2926; x_wconf 88' lang='lat' dir='ltr'>Yzan</span> <span class='ocrx_word' id='word_1_389' title='bbox 178 2894 279 2935; x_wconf 88' lang='lat' dir='ltr'>(dioec.</span> <span class='ocrx_word' id='word_1_390' title='bbox 308 2895 488 2937; x_wconf 81' lang='lat' dir='ltr'>Osmensis),</span> <span class='ocrx_word' id='word_1_391' title='bbox 516 2895 639 2927; x_wconf 85' lang='lat' dir='ltr'>Jesuita</span> <span class='ocrx_word' id='word_1_392' title='bbox 666 2897 691 2928; x_wconf 94' lang='lat'>7.</span> <span class='ocrx_word' id='word_1_393' title='bbox 720 2896 804 2937; x_wconf 88' lang='lat' dir='ltr'>Sept.</span> <span class='ocrx_word' id='word_1_394' title='bbox 834 2897 919 2933; x_wconf 90' lang='lat'>1569,</span> <span class='ocrx_word' id='word_1_395' title='bbox 948 2896 1081 2937; x_wconf 89' lang='lat' dir='ltr'>philoso—</span> 
     </span>
     <span class='ocr_line' id='line_1_57' title="bbox 62 2937 1081 2982; baseline 0.002 -12"><span class='ocrx_word' id='word_1_396' title='bbox 62 2937 169 2980; x_wconf 88' lang='lat' dir='ltr'>phiam</span> <span class='ocrx_word' id='word_1_397' title='bbox 194 2938 300 2971; x_wconf 87' lang='lat' dir='ltr'>docuit</span> <span class='ocrx_word' id='word_1_398' title='bbox 323 2940 470 2981; x_wconf 85' lang='lat' dir='ltr'>Segoviae,</span> <span class='ocrx_word' id='word_1_399' title='bbox 497 2939 683 2982; x_wconf 83' lang='lat' dir='ltr'>theologiam</span> <span class='ocrx_word' id='word_1_400' title='bbox 709 2950 763 2981; x_wconf 87' lang='lat' dir='ltr'>per</span> <span class='ocrx_word' id='word_1_401' title='bbox 787 2940 902 2972; x_wconf 89' lang='lat' dir='ltr'>multos</span> <span class='ocrx_word' id='word_1_402' title='bbox 927 2951 1024 2972; x_wconf 89' lang='lat' dir='ltr'>annos</span> <span class='ocrx_word' id='word_1_403' title='bbox 1049 2940 1081 2972; x_wconf 92' lang='lat' dir='ltr'>in</span> 
     </span>
    </p>
   </div>
   <div class='ocr_carea' id='block_1_24' title="bbox 63 2982 1081 3070">
    <p class='ocr_par' dir='ltr' id='par_1_24' title="bbox 63 2982 1081 3070">
     <span class='ocr_line' id='line_1_58' title="bbox 63 2982 1081 3026; baseline 0.002 -12"><span class='ocrx_word' id='word_1_404' title='bbox 63 2982 191 3015; x_wconf 84' lang='lat' dir='ltr'>diversis</span> <span class='ocrx_word' id='word_1_405' title='bbox 213 2983 350 3022; x_wconf 86' lang='lat' dir='ltr'>urbibus,</span> <span class='ocrx_word' id='word_1_406' title='bbox 373 2984 407 3016; x_wconf 92' lang='lat' dir='ltr'>P.</span> <span class='ocrx_word' id='word_1_407' title='bbox 426 2984 599 3025; x_wconf 83' lang='lat' dir='ltr'>Aquavivae</span> <span class='ocrx_word' id='word_1_408' title='bbox 620 2984 734 3026; x_wconf 84' lang='lat' dir='ltr'>judicio</span> <span class='ocrx_word' id='word_1_409' title='bbox 757 2995 836 3016; x_wconf 92' lang='lat' dir='ltr'>unus</span> <span class='ocrx_word' id='word_1_410' title='bbox 859 2995 874 3017; x_wconf 90' lang='lat' dir='ltr'>e</span> <span class='ocrx_word' id='word_1_411' title='bbox 896 2985 1081 3017; x_wconf 86' lang='lat' dir='ltr'>doctissimis</span> 
     </span>
     <span class='ocr_line' id='line_1_59' title="bbox 63 3026 515 3070; baseline 0.002 -11"><span class='ocrx_word' id='word_1_412' title='bbox 63 3026 96 3059; x_wconf 90' lang='lat' dir='ltr'>in</span> <span class='ocrx_word' id='word_1_413' title='bbox 114 3027 145 3060; x_wconf 88' lang='lat' dir='ltr'>S.</span> <span class='ocrx_word' id='word_1_414' title='bbox 165 3026 196 3060; x_wconf 82' lang='lat' dir='ltr'>J.</span> <span class='ocrx_word' id='word_1_415' title='bbox 215 3027 235 3069; x_wconf 82' lang='lat'>†</span> <span class='ocrx_word' id='word_1_416' title='bbox 254 3028 301 3060; x_wconf 89' lang='lat'>20.</span> <span class='ocrx_word' id='word_1_417' title='bbox 322 3028 407 3070; x_wconf 87' lang='lat' dir='ltr'>Sept.</span> <span class='ocrx_word' id='word_1_418' title='bbox 429 3029 515 3060; x_wconf 88' lang='lat'>1612.</span> 
     </span>
    </p>
   </div>
   <div class='ocr_carea' id='block_1_25' title="bbox 542 3099 600 3131">
    <p class='ocr_par' dir='ltr' id='par_1_25' title="bbox 542 3099 600 3131">
     <span class='ocr_line' id='line_1_60' title="bbox 542 3099 600 3131; baseline -0.017 0"><span class='ocrx_word' id='word_1_419' title='bbox 542 3099 600 3131; x_wconf 88' lang='lat'>617</span> 
     </span>
    </p>
   </div>
   <div class='ocr_carea' id='block_1_26' title="bbox 1119 348 2142 481">
    <p class='ocr_par' dir='ltr' id='par_1_26' title="bbox 1119 348 2142 481">
     <span class='ocr_line' id='line_1_61' title="bbox 1199 348 2141 390; baseline -0.003 -8"><span class='ocrx_word' id='word_1_420' title='bbox 1199 353 1313 382; x_wconf 85' lang='lat' dir='ltr'>Paulus</span> <span class='ocrx_word' id='word_1_421' title='bbox 1327 353 1458 388; x_wconf 82' lang='lat' dir='ltr'>Filliuci,</span> <span class='ocrx_word' id='word_1_422' title='bbox 1473 350 1560 383; x_wconf 86' lang='lat' dir='ltr'>Senis</span> <span class='ocrx_word' id='word_1_423' title='bbox 1576 354 1669 382; x_wconf 91' lang='lat' dir='ltr'>natus</span> <span class='ocrx_word' id='word_1_424' title='bbox 1686 349 1772 387; x_wconf 88' lang='grc'>1566,</span> <span class='ocrx_word' id='word_1_425' title='bbox 1789 349 1867 381; x_wconf 87' lang='lat'>1584</span> <span class='ocrx_word' id='word_1_426' title='bbox 1882 348 1970 390; x_wconf 88' lang='lat' dir='ltr'>ingr.,</span> <span class='ocrx_word' id='word_1_427' title='bbox 1986 348 2141 389; x_wconf 84' lang='lat' dir='ltr'>professus</span> 
     </span>
     <span class='ocr_line' id='line_1_62' title="bbox 1119 392 2142 437; baseline -0.004 -10"><span class='ocrx_word' id='word_1_428' title='bbox 1119 395 1348 437; x_wconf 88' lang='lat' dir='ltr'>philosophiam</span> <span class='ocrx_word' id='word_1_429' title='bbox 1370 399 1402 427; x_wconf 90' lang='lat' dir='ltr'>et</span> <span class='ocrx_word' id='word_1_430' title='bbox 1422 395 1689 432; x_wconf 87' lang='lat' dir='ltr'>mathematicam,</span> <span class='ocrx_word' id='word_1_431' title='bbox 1711 393 1783 426; x_wconf 87' lang='lat' dir='ltr'>dein</span> <span class='ocrx_word' id='word_1_432' title='bbox 1802 403 1858 434; x_wconf 90' lang='lat' dir='ltr'>per</span> <span class='ocrx_word' id='word_1_433' title='bbox 1879 403 1976 424; x_wconf 90' lang='lat' dir='ltr'>annos</span> <span class='ocrx_word' id='word_1_434' title='bbox 1998 393 2036 424; x_wconf 90' lang='lat'>10</span> <span class='ocrx_word' id='word_1_435' title='bbox 2056 392 2142 424; x_wconf 90' lang='lat' dir='ltr'>theo-</span> 
     </span>
     <span class='ocr_line' id='line_1_63' title="bbox 1120 438 1893 481; baseline -0.003 -10"><span class='ocrx_word' id='word_1_436' title='bbox 1120 440 1233 481; x_wconf 90' lang='lat' dir='ltr'>logiam</span> <span class='ocrx_word' id='word_1_437' title='bbox 1252 440 1400 471; x_wconf 82' lang='lat' dir='ltr'>moralem</span> <span class='ocrx_word' id='word_1_438' title='bbox 1420 440 1537 477; x_wconf 84' lang='lat' dir='ltr'>Romae,</span> <span class='ocrx_word' id='word_1_439' title='bbox 1558 439 1611 470; x_wconf 89' lang='lat' dir='ltr'>ubi</span> <span class='ocrx_word' id='word_1_440' title='bbox 1628 439 1647 480; x_wconf 86' lang='lat'>†</span> <span class='ocrx_word' id='word_1_441' title='bbox 1664 439 1692 470; x_wconf 87' lang='lat'>5.</span> <span class='ocrx_word' id='word_1_442' title='bbox 1711 438 1786 479; x_wconf 93' lang='lat' dir='ltr'>Apr.</span> <span class='ocrx_word' id='word_1_443' title='bbox 1806 438 1893 469; x_wconf 88' lang='lat'>1622.</span> 
     </span>
    </p>
   </div>
   <div class='ocr_carea' id='block_1_27' title="bbox 1121 489 2144 745">
    <p class='ocr_par' dir='ltr' id='par_1_27' title="bbox 1121 489 2144 745">
     <span class='ocr_line' id='line_1_64' title="bbox 1199 489 2143 533; baseline -0.003 -10"><span class='ocrx_word' id='word_1_444' title='bbox 1199 495 1338 523; x_wconf 86' lang='lat' dir='ltr'>Valerius</span> <span class='ocrx_word' id='word_1_445' title='bbox 1362 494 1549 529; x_wconf 86' lang='lat' dir='ltr'>Reginaldus</span> <span class='ocrx_word' id='word_1_446' title='bbox 1573 491 1766 533; x_wconf 86' lang='lat' dir='ltr'>(Regnault),</span> <span class='ocrx_word' id='word_1_447' title='bbox 1791 495 1885 522; x_wconf 90' lang='lat' dir='ltr'>natus</span> <span class='ocrx_word' id='word_1_448' title='bbox 1910 490 1987 521; x_wconf 92' lang='lat'>1545</span> <span class='ocrx_word' id='word_1_449' title='bbox 2011 489 2043 520; x_wconf 91' lang='lat' dir='ltr'>in</span> <span class='ocrx_word' id='word_1_450' title='bbox 2068 489 2143 520; x_wconf 88' lang='lat' dir='ltr'>dioe-</span> 
     </span>
     <span class='ocr_line' id='line_1_65' title="bbox 1121 532 2143 577; baseline -0.004 -9"><span class='ocrx_word' id='word_1_451' title='bbox 1121 537 1181 568; x_wconf 87' lang='lat' dir='ltr'>cesi</span> <span class='ocrx_word' id='word_1_452' title='bbox 1221 537 1393 568; x_wconf 89' lang='lat' dir='ltr'>Vesontina</span> <span class='ocrx_word' id='word_1_453' title='bbox 1413 536 1612 577; x_wconf 82' lang='lat' dir='ltr'>(Besancon),</span> <span class='ocrx_word' id='word_1_454' title='bbox 1635 536 1711 567; x_wconf 87' lang='lat'>1573</span> <span class='ocrx_word' id='word_1_455' title='bbox 1728 535 1817 577; x_wconf 90' lang='lat' dir='ltr'>ingr.,</span> <span class='ocrx_word' id='word_1_456' title='bbox 1839 534 1947 566; x_wconf 89' lang='lat' dir='ltr'>docuit</span> <span class='ocrx_word' id='word_1_457' title='bbox 1967 532 2143 574; x_wconf 87' lang='lat' dir='ltr'>Burdigalae</span> 
     </span>
     <span class='ocr_line' id='line_1_66' title="bbox 1122 578 2143 622; baseline -0.004 -10"><span class='ocrx_word' id='word_1_458' title='bbox 1122 582 1158 612; x_wconf 90' lang='lat'>12</span> <span class='ocrx_word' id='word_1_459' title='bbox 1184 581 1272 612; x_wconf 89' lang='lat' dir='ltr'>annis</span> <span class='ocrx_word' id='word_1_460' title='bbox 1297 580 1525 622; x_wconf 88' lang='lat' dir='ltr'>philosophiam</span> <span class='ocrx_word' id='word_1_461' title='bbox 1551 584 1583 612; x_wconf 91' lang='lat' dir='ltr'>et</span> <span class='ocrx_word' id='word_1_462' title='bbox 1607 581 1645 611; x_wconf 88' lang='lat'>20</span> <span class='ocrx_word' id='word_1_463' title='bbox 1669 580 1758 612; x_wconf 90' lang='lat' dir='ltr'>annis</span> <span class='ocrx_word' id='word_1_464' title='bbox 1783 579 1971 620; x_wconf 85' lang='lat' dir='ltr'>theologiam</span> <span class='ocrx_word' id='word_1_465' title='bbox 1995 578 2143 609; x_wconf 89' lang='lat' dir='ltr'>moralem</span> 
     </span>
     <span class='ocr_line' id='line_1_67' title="bbox 1121 622 2144 666; baseline -0.003 -10"><span class='ocrx_word' id='word_1_466' title='bbox 1121 625 1324 666; x_wconf 86' lang='lat' dir='ltr'>Mussiponte,</span> <span class='ocrx_word' id='word_1_467' title='bbox 1355 625 1490 663; x_wconf 88' lang='lat' dir='ltr'>Parisiis,</span> <span class='ocrx_word' id='word_1_468' title='bbox 1521 625 1617 656; x_wconf 82' lang='lat' dir='ltr'>Dolae.</span> <span class='ocrx_word' id='word_1_469' title='bbox 1678 625 1779 656; x_wconf 82' lang='lat' dir='ltr'>Juxta</span> <span class='ocrx_word' id='word_1_470' title='bbox 1807 624 1837 656; x_wconf 88' lang='lat' dir='ltr'>S.</span> <span class='ocrx_word' id='word_1_471' title='bbox 1868 623 2064 664; x_wconf 90' lang='lat' dir='ltr'>Alphonsum</span> <span class='ocrx_word' id='word_1_472' title='bbox 2094 622 2144 653; x_wconf 90' lang='lat' dir='ltr'>Li-</span> 
     </span>
     <span class='ocr_line' id='line_1_68' title="bbox 1121 666 2143 710; baseline -0.003 -10"><span class='ocrx_word' id='word_1_473' title='bbox 1121 670 1241 710; x_wconf 87' lang='lat' dir='ltr'>gerium</span> <span class='ocrx_word' id='word_1_474' title='bbox 1261 673 1443 701; x_wconf 87' lang='lat' dir='ltr'>numeratur</span> <span class='ocrx_word' id='word_1_475' title='bbox 1461 669 1543 701; x_wconf 88' lang='lat' dir='ltr'>inter</span> <span class='ocrx_word' id='word_1_476' title='bbox 1562 672 1703 700; x_wconf 86' lang='lat' dir='ltr'>auctores</span> <span class='ocrx_word' id='word_1_477' title='bbox 1722 668 1874 706; x_wconf 86' lang='lat' dir='ltr'>classicos,</span> <span class='ocrx_word' id='word_1_478' title='bbox 1895 671 1926 699; x_wconf 90' lang='lat' dir='ltr'>et</span> <span class='ocrx_word' id='word_1_479' title='bbox 1944 667 1996 699; x_wconf 89' lang='lat' dir='ltr'>SS.</span> <span class='ocrx_word' id='word_1_480' title='bbox 2017 666 2143 698; x_wconf 87' lang='lat' dir='ltr'>Carolus</span> 
     </span>
     <span class='ocr_line' id='line_1_69' title="bbox 1123 712 2144 745; baseline -0.003 0"><span class='ocrx_word' id='word_1_481' title='bbox 1123 714 1308 745; x_wconf 86' lang='lat' dir='ltr'>Borromeus</span> <span class='ocrx_word' id='word_1_482' title='bbox 1327 718 1359 745; x_wconf 90' lang='lat' dir='ltr'>et</span> <span class='ocrx_word' id='word_1_483' title='bbox 1375 713 1558 745; x_wconf 85' lang='lat' dir='ltr'>Franciscus</span> <span class='ocrx_word' id='word_1_484' title='bbox 1576 713 1709 745; x_wconf 89' lang='lat' dir='ltr'>Salesius</span> <span class='ocrx_word' id='word_1_485' title='bbox 1729 723 1798 744; x_wconf 79' lang='lat' dir='ltr'>euni</span> <span class='ocrx_word' id='word_1_486' title='bbox 1817 712 1897 744; x_wconf 86' lang='lat' dir='ltr'>clero</span> <span class='ocrx_word' id='word_1_487' title='bbox 1915 722 1970 743; x_wconf 90' lang='lat' dir='ltr'>suo</span> <span class='ocrx_word' id='word_1_488' title='bbox 1989 721 2144 743; x_wconf 90' lang='lat' dir='ltr'>commen-</span> 
     </span>
    </p>
   </div>
   <div class='ocr_carea' id='block_1_28' title="bbox 1122 758 1568 799">
    <p class='ocr_par' dir='ltr' id='par_1_28' title="bbox 1122 758 1568 799">
     <span class='ocr_line' id='line_1_70' title="bbox 1122 758 1568 799; baseline 0 -10"><span class='ocrx_word' id='word_1_489' title='bbox 1122 759 1244 790; x_wconf 88' lang='lat' dir='ltr'>davere.</span> <span class='ocrx_word' id='word_1_490' title='bbox 1263 758 1283 799; x_wconf 84' lang='lat'>†</span> <span class='ocrx_word' id='word_1_491' title='bbox 1302 758 1348 790; x_wconf 86' lang='lat'>15.</span> <span class='ocrx_word' id='word_1_492' title='bbox 1368 758 1460 789; x_wconf 88' lang='lat' dir='ltr'>Mart.</span> <span class='ocrx_word' id='word_1_493' title='bbox 1481 758 1568 790; x_wconf 86' lang='lat'>1623.</span> 
     </span>
    </p>
   </div>
   <div class='ocr_carea' id='block_1_29' title="bbox 1121 804 2144 937">
    <p class='ocr_par' dir='ltr' id='par_1_29' title="bbox 1121 804 2144 937">
     <span class='ocr_line' id='line_1_71' title="bbox 1202 804 2143 846; baseline -0.003 -8"><span class='ocrx_word' id='word_1_494' title='bbox 1202 807 1321 838; x_wconf 81' lang='lat' dir='ltr'>Paulus</span> <span class='ocrx_word' id='word_1_495' title='bbox 1348 806 1521 844; x_wconf 75' lang='lat' dir='ltr'>Comitolus,</span> <span class='ocrx_word' id='word_1_496' title='bbox 1548 810 1614 838; x_wconf 89' lang='lat' dir='ltr'>nat.</span> <span class='ocrx_word' id='word_1_497' title='bbox 1643 806 1720 837; x_wconf 90' lang='lat'>1544</span> <span class='ocrx_word' id='word_1_498' title='bbox 1746 805 1922 843; x_wconf 89' lang='lat' dir='ltr'>Perusinus,</span> <span class='ocrx_word' id='word_1_499' title='bbox 1950 805 2027 846; x_wconf 87' lang='lat' dir='ltr'>ingr.</span> <span class='ocrx_word' id='word_1_500' title='bbox 2056 804 2143 841; x_wconf 88' lang='lat'>1559,</span> 
     </span>
     <span class='ocr_line' id='line_1_72' title="bbox 1122 848 2144 892; baseline -0.003 -10"><span class='ocrx_word' id='word_1_501' title='bbox 1122 851 1275 892; x_wconf 82' lang='lat' dir='ltr'>professor</span> <span class='ocrx_word' id='word_1_502' title='bbox 1312 851 1531 882; x_wconf 88' lang='lat' dir='ltr'>humaniorum</span> <span class='ocrx_word' id='word_1_503' title='bbox 1570 855 1601 882; x_wconf 86' lang='lat' dir='ltr'>et</span> <span class='ocrx_word' id='word_1_504' title='bbox 1631 850 1794 892; x_wconf 83' lang='lat' dir='ltr'>theologiae</span> <span class='ocrx_word' id='word_1_505' title='bbox 1825 849 1959 887; x_wconf 84' lang='lat' dir='ltr'>moralis,</span> <span class='ocrx_word' id='word_1_506' title='bbox 1999 848 2144 890; x_wconf 87' lang='lat' dir='ltr'>probabi-</span> 
     </span>
     <span class='ocr_line' id='line_1_73' title="bbox 1121 895 1711 937; baseline 0 -11"><span class='ocrx_word' id='word_1_507' title='bbox 1121 896 1249 927; x_wconf 87' lang='lat' dir='ltr'>liorista.</span> <span class='ocrx_word' id='word_1_508' title='bbox 1269 896 1288 937; x_wconf 85' lang='lat'>†</span> <span class='ocrx_word' id='word_1_509' title='bbox 1307 896 1442 928; x_wconf 84' lang='lat' dir='ltr'>Perusiae</span> <span class='ocrx_word' id='word_1_510' title='bbox 1462 896 1508 927; x_wconf 92' lang='lat'>18.</span> <span class='ocrx_word' id='word_1_511' title='bbox 1529 895 1603 926; x_wconf 88' lang='lat' dir='ltr'>Feb.</span> <span class='ocrx_word' id='word_1_512' title='bbox 1626 896 1711 926; x_wconf 90' lang='lat'>1626.</span> 
     </span>
    </p>
   </div>
   <div class='ocr_carea' id='block_1_30' title="bbox 1121 947 2147 1305">
    <p class='ocr_par' dir='ltr' id='par_1_30' title="bbox 1122 947 2145 1122">
     <span class='ocr_line' id='line_1_74' title="bbox 1203 947 2142 989; baseline 0.001 -10"><span class='ocrx_word' id='word_1_513' title='bbox 1203 948 1415 980; x_wconf 72' lang='lat' dir='ltr'>Ferdiuarulus</span> <span class='ocrx_word' id='word_1_514' title='bbox 1444 948 1657 988; x_wconf 74' lang='lat' dir='ltr'>Gastropalaus</span> <span class='ocrx_word' id='word_1_515' title='bbox 1685 947 1850 979; x_wconf 90' lang='lat' dir='ltr'>Leonensis</span> <span class='ocrx_word' id='word_1_516' title='bbox 1879 947 2048 989; x_wconf 89' lang='lat' dir='ltr'>Hispanus,</span> <span class='ocrx_word' id='word_1_517' title='bbox 2077 952 2142 980; x_wconf 89' lang='lat' dir='ltr'>nat.</span> 
     </span>
     <span class='ocr_line' id='line_1_75' title="bbox 1122 992 2144 1033; baseline -0.001 -9"><span class='ocrx_word' id='word_1_518' title='bbox 1122 993 1208 1029; x_wconf 75' lang='lat'>1581,</span> <span class='ocrx_word' id='word_1_519' title='bbox 1246 993 1322 1024; x_wconf 88' lang='grc'>1596</span> <span class='ocrx_word' id='word_1_520' title='bbox 1357 993 1520 1033; x_wconf 84' lang='lat' dir='ltr'>ingressus,</span> <span class='ocrx_word' id='word_1_521' title='bbox 1556 992 1663 1024; x_wconf 88' lang='lat' dir='ltr'>docuit</span> <span class='ocrx_word' id='word_1_522' title='bbox 1697 992 1925 1033; x_wconf 88' lang='lat' dir='ltr'>philosophiam</span> <span class='ocrx_word' id='word_1_523' title='bbox 1961 992 2144 1031; x_wconf 80' lang='lat' dir='ltr'>Vallisoleti,</span> 
     </span>
     <span class='ocr_line' id='line_1_76' title="bbox 1124 1036 2145 1078; baseline 0 -10"><span class='ocrx_word' id='word_1_524' title='bbox 1124 1037 1309 1078; x_wconf 78' lang='lat' dir='ltr'>theologiam</span> <span class='ocrx_word' id='word_1_525' title='bbox 1329 1038 1350 1069; x_wconf 84' lang='lat' dir='ltr'>C</span> <span class='ocrx_word' id='word_1_526' title='bbox 1355 1037 1545 1077; x_wconf 81' lang='lat' dir='ltr'>ompostellae</span> <span class='ocrx_word' id='word_1_527' title='bbox 1563 1042 1593 1069; x_wconf 87' lang='lat' dir='ltr'>et</span> <span class='ocrx_word' id='word_1_528' title='bbox 1612 1036 1818 1069; x_wconf 83' lang='lat' dir='ltr'>Salmanticae.</span> <span class='ocrx_word' id='word_1_529' title='bbox 1856 1037 1972 1068; x_wconf 87' lang='lat' dir='ltr'>Rector</span> <span class='ocrx_word' id='word_1_530' title='bbox 1989 1037 2145 1078; x_wconf 86' lang='lat' dir='ltr'>Methym-</span> 
     </span>
     <span class='ocr_line' id='line_1_77' title="bbox 1122 1082 1524 1122; baseline 0.002 -10"><span class='ocrx_word' id='word_1_531' title='bbox 1122 1082 1224 1112; x_wconf 88' lang='lat' dir='ltr'>ncnsis</span> <span class='ocrx_word' id='word_1_532' title='bbox 1246 1082 1265 1122; x_wconf 83' lang='lat'>†</span> <span class='ocrx_word' id='word_1_533' title='bbox 1289 1083 1314 1113; x_wconf 92' lang='lat'>1.</span> <span class='ocrx_word' id='word_1_534' title='bbox 1338 1082 1413 1113; x_wconf 88' lang='lat' dir='ltr'>Dec.</span> <span class='ocrx_word' id='word_1_535' title='bbox 1438 1082 1524 1113; x_wconf 87' lang='lat'>1633.</span> 
     </span>
    </p>

    <p class='ocr_par' dir='ltr' id='par_1_31' title="bbox 1121 1129 2147 1305">
     <span class='ocr_line' id='line_1_78' title="bbox 1201 1129 2144 1171; baseline 0.001 -10"><span class='ocrx_word' id='word_1_536' title='bbox 1201 1130 1336 1161; x_wconf 73' lang='lat' dir='ltr'>Jounnes</span> <span class='ocrx_word' id='word_1_537' title='bbox 1379 1130 1564 1170; x_wconf 74' lang='lat' dir='ltr'>Prcepositus</span> <span class='ocrx_word' id='word_1_538' title='bbox 1605 1130 1770 1171; x_wconf 88' lang='lat' dir='ltr'>(Prevost),</span> <span class='ocrx_word' id='word_1_539' title='bbox 1811 1129 2037 1167; x_wconf 78' lang='lat' dir='ltr'>Atrebatensis,</span> <span class='ocrx_word' id='word_1_540' title='bbox 2078 1134 2144 1162; x_wconf 88' lang='lat' dir='ltr'>nat.</span> 
     </span>
     <span class='ocr_line' id='line_1_79' title="bbox 1123 1174 2147 1215; baseline -0.001 -9"><span class='ocrx_word' id='word_1_541' title='bbox 1123 1175 1169 1206; x_wconf 81' lang='lat'>18.</span> <span class='ocrx_word' id='word_1_542' title='bbox 1200 1175 1291 1206; x_wconf 87' lang='lat' dir='ltr'>Mart.</span> <span class='ocrx_word' id='word_1_543' title='bbox 1325 1175 1411 1212; x_wconf 88' lang='lat'>1570,</span> <span class='ocrx_word' id='word_1_544' title='bbox 1442 1175 1580 1206; x_wconf 82' lang='lat' dir='ltr'>novitius</span> <span class='ocrx_word' id='word_1_545' title='bbox 1611 1175 1657 1206; x_wconf 87' lang='lat'>24.</span> <span class='ocrx_word' id='word_1_546' title='bbox 1688 1174 1762 1215; x_wconf 89' lang='lat' dir='ltr'>Apr.</span> <span class='ocrx_word' id='word_1_547' title='bbox 1795 1174 1882 1212; x_wconf 87' lang='lat'>1592,</span> <span class='ocrx_word' id='word_1_548' title='bbox 1912 1174 2068 1215; x_wconf 85' lang='lat' dir='ltr'>professus</span> <span class='ocrx_word' id='word_1_549' title='bbox 2099 1178 2147 1206; x_wconf 88' lang='lat' dir='ltr'>est</span> 
     </span>
     <span class='ocr_line' id='line_1_80' title="bbox 1122 1218 2146 1260; baseline 0 -10"><span class='ocrx_word' id='word_1_550' title='bbox 1122 1218 1349 1260; x_wconf 82' lang='lat' dir='ltr'>philosophiam</span> <span class='ocrx_word' id='word_1_551' title='bbox 1385 1219 1473 1250; x_wconf 89' lang='lat' dir='ltr'>annis</span> <span class='ocrx_word' id='word_1_552' title='bbox 1508 1220 1535 1257; x_wconf 83' lang='grc'>4,</span> <span class='ocrx_word' id='word_1_553' title='bbox 1572 1220 1609 1250; x_wconf 92' lang='lat'>16</span> <span class='ocrx_word' id='word_1_554' title='bbox 1643 1218 1830 1260; x_wconf 89' lang='lat' dir='ltr'>theologiam</span> <span class='ocrx_word' id='word_1_555' title='bbox 1864 1219 1980 1260; x_wconf 85' lang='lat' dir='ltr'>partim</span> <span class='ocrx_word' id='word_1_556' title='bbox 2015 1219 2146 1250; x_wconf 88' lang='lat' dir='ltr'>Lovanii</span> 
     </span>
     <span class='ocr_line' id='line_1_81' title="bbox 1121 1263 1962 1305; baseline 0.001 -11"><span class='ocrx_word' id='word_1_557' title='bbox 1121 1263 1237 1304; x_wconf 88' lang='lat' dir='ltr'>partim</span> <span class='ocrx_word' id='word_1_558' title='bbox 1259 1264 1368 1295; x_wconf 85' lang='lat' dir='ltr'>Duaci.</span> <span class='ocrx_word' id='word_1_559' title='bbox 1390 1264 1409 1305; x_wconf 85' lang='lat'>†</span> <span class='ocrx_word' id='word_1_560' title='bbox 1431 1273 1512 1295; x_wconf 91' lang='lat' dir='ltr'>anno</span> <span class='ocrx_word' id='word_1_561' title='bbox 1534 1263 1636 1295; x_wconf 59' lang='lat' dir='ltr'>aetatis</span> <span class='ocrx_word' id='word_1_562' title='bbox 1658 1263 1704 1295; x_wconf 87' lang='lat'>63.</span> <span class='ocrx_word' id='word_1_563' title='bbox 1728 1264 1755 1295; x_wconf 89' lang='grc'>8.</span> <span class='ocrx_word' id='word_1_564' title='bbox 1778 1263 1851 1295; x_wconf 82' lang='lat' dir='ltr'>Jun.</span> <span class='ocrx_word' id='word_1_565' title='bbox 1876 1263 1962 1295; x_wconf 86' lang='lat'>1634.</span> 
     </span>
    </p>
   </div>
   <div class='ocr_carea' id='block_1_31' title="bbox 1122 1315 2146 1490">
    <p class='ocr_par' dir='ltr' id='par_1_32' title="bbox 1122 1315 2146 1490">
     <span class='ocr_line' id='line_1_82' title="bbox 1201 1315 2145 1357; baseline -0.001 -9"><span class='ocrx_word' id='word_1_566' title='bbox 1201 1316 1370 1349; x_wconf 80' lang='lat' dir='ltr'>Paulus</span> <span class='ocrx_word' id='word_1_567' title='bbox 1413 1316 1649 1357; x_wconf 73' lang='lat' dir='ltr'>Laymann.</span> <span class='ocrx_word' id='word_1_568' title='bbox 1699 1315 1861 1357; x_wconf 87' lang='lat' dir='ltr'>OEniponti</span> <span class='ocrx_word' id='word_1_569' title='bbox 1911 1320 2005 1347; x_wconf 86' lang='lat' dir='ltr'>natus</span> <span class='ocrx_word' id='word_1_570' title='bbox 2059 1316 2145 1353; x_wconf 88' lang='grc'>1576,</span> 
     </span>
     <span class='ocr_line' id='line_1_83' title="bbox 1122 1360 2146 1402; baseline 0.001 -11"><span class='ocrx_word' id='word_1_571' title='bbox 1122 1361 1198 1402; x_wconf 83' lang='lat' dir='ltr'>ingr.</span> <span class='ocrx_word' id='word_1_572' title='bbox 1229 1361 1315 1398; x_wconf 86' lang='grc'>1594,</span> <span class='ocrx_word' id='word_1_573' title='bbox 1344 1360 1440 1392; x_wconf 82' lang='lat' dir='ltr'>lector</span> <span class='ocrx_word' id='word_1_574' title='bbox 1467 1360 1669 1401; x_wconf 72' lang='lat' dir='ltr'>philosophiae</span> <span class='ocrx_word' id='word_1_575' title='bbox 1696 1370 1750 1401; x_wconf 91' lang='lat' dir='ltr'>per</span> <span class='ocrx_word' id='word_1_576' title='bbox 1776 1361 1804 1398; x_wconf 92' lang='lat'>6,</span> <span class='ocrx_word' id='word_1_577' title='bbox 1834 1360 1995 1402; x_wconf 72' lang='lat' dir='ltr'>theologiae</span> <span class='ocrx_word' id='word_1_578' title='bbox 2022 1360 2146 1392; x_wconf 89' lang='lat' dir='ltr'>moralis</span> 
     </span>
     <span class='ocr_line' id='line_1_84' title="bbox 1123 1404 2145 1446; baseline 0 -10"><span class='ocrx_word' id='word_1_579' title='bbox 1123 1415 1177 1445; x_wconf 81' lang='lat' dir='ltr'>per</span> <span class='ocrx_word' id='word_1_580' title='bbox 1198 1406 1244 1440; x_wconf 86' lang='lat'>16,</span> <span class='ocrx_word' id='word_1_581' title='bbox 1265 1405 1341 1445; x_wconf 80' lang='lat' dir='ltr'>juris</span> <span class='ocrx_word' id='word_1_582' title='bbox 1363 1405 1502 1436; x_wconf 77' lang='lat' dir='ltr'>canonici</span> <span class='ocrx_word' id='word_1_583' title='bbox 1523 1415 1577 1445; x_wconf 87' lang='lat' dir='ltr'>per</span> <span class='ocrx_word' id='word_1_584' title='bbox 1598 1406 1614 1435; x_wconf 88' lang='grc'>7</span> <span class='ocrx_word' id='word_1_585' title='bbox 1635 1415 1742 1442; x_wconf 57' lang='lat' dir='ltr'>annos</span> <span class='ocrx_word' id='word_1_586' title='bbox 1766 1404 1958 1446; x_wconf 76' lang='lat' dir='ltr'>ingolstadii,</span> <span class='ocrx_word' id='word_1_587' title='bbox 1979 1405 2145 1442; x_wconf 89' lang='lat' dir='ltr'>Monachii,</span> 
     </span>
     <span class='ocr_line' id='line_1_85' title="bbox 1123 1448 1942 1490; baseline 0.001 -10"><span class='ocrx_word' id='word_1_588' title='bbox 1123 1449 1265 1490; x_wconf 76' lang='lat' dir='ltr'>Dilingae.</span> <span class='ocrx_word' id='word_1_589' title='bbox 1311 1450 1330 1490; x_wconf 83' lang='lat'>†</span> <span class='ocrx_word' id='word_1_590' title='bbox 1354 1454 1439 1490; x_wconf 83' lang='lat' dir='ltr'>peste</span> <span class='ocrx_word' id='word_1_591' title='bbox 1464 1448 1654 1481; x_wconf 84' lang='lat' dir='ltr'>Constantiae</span> <span class='ocrx_word' id='word_1_592' title='bbox 1678 1449 1724 1480; x_wconf 90' lang='lat'>13.</span> <span class='ocrx_word' id='word_1_593' title='bbox 1751 1449 1830 1481; x_wconf 89' lang='lat' dir='ltr'>Nov.</span> <span class='ocrx_word' id='word_1_594' title='bbox 1856 1449 1942 1481; x_wconf 87' lang='lat'>1635.</span> 
     </span>
    </p>
   </div>
   <div class='ocr_carea' id='block_1_32' title="bbox 1124 1501 2147 1677">
    <p class='ocr_par' dir='ltr' id='par_1_33' title="bbox 1124 1501 2147 1677">
     <span class='ocr_line' id='line_1_86' title="bbox 1204 1501 2146 1543; baseline 0 -10"><span class='ocrx_word' id='word_1_595' title='bbox 1204 1503 1372 1534; x_wconf 72' lang='lat' dir='ltr'>Ludovieus</span> <span class='ocrx_word' id='word_1_596' title='bbox 1413 1502 1584 1533; x_wconf 77' lang='lat' dir='ltr'>Turriarzas</span> <span class='ocrx_word' id='word_1_597' title='bbox 1622 1502 1756 1543; x_wconf 84' lang='lat' dir='ltr'>(Torres)</span> <span class='ocrx_word' id='word_1_598' title='bbox 1793 1501 2030 1543; x_wconf 87' lang='lat' dir='ltr'>Complutensis,</span> <span class='ocrx_word' id='word_1_599' title='bbox 2070 1502 2146 1533; x_wconf 86' lang='lat'>1582</span> 
     </span>
     <span class='ocr_line' id='line_1_87' title="bbox 1125 1546 2147 1588; baseline -0.001 -10"><span class='ocrx_word' id='word_1_600' title='bbox 1125 1557 1221 1578; x_wconf 89' lang='lat' dir='ltr'>annos</span> <span class='ocrx_word' id='word_1_601' title='bbox 1245 1548 1282 1578; x_wconf 89' lang='lat'>20</span> <span class='ocrx_word' id='word_1_602' title='bbox 1305 1552 1397 1578; x_wconf 87' lang='lat' dir='ltr'>natus</span> <span class='ocrx_word' id='word_1_603' title='bbox 1420 1547 1552 1585; x_wconf 80' lang='lat' dir='ltr'>Jcsuita,</span> <span class='ocrx_word' id='word_1_604' title='bbox 1577 1547 1731 1588; x_wconf 88' lang='lat' dir='ltr'>professus</span> <span class='ocrx_word' id='word_1_605' title='bbox 1754 1550 1801 1578; x_wconf 89' lang='lat' dir='ltr'>cst</span> <span class='ocrx_word' id='word_1_606' title='bbox 1823 1556 1877 1587; x_wconf 92' lang='lat' dir='ltr'>per</span> <span class='ocrx_word' id='word_1_607' title='bbox 1898 1547 1937 1577; x_wconf 90' lang='lat'>40</span> <span class='ocrx_word' id='word_1_608' title='bbox 1959 1556 2056 1578; x_wconf 89' lang='lat' dir='ltr'>annos</span> <span class='ocrx_word' id='word_1_609' title='bbox 2080 1546 2147 1587; x_wconf 91' lang='lat' dir='ltr'>phi-</span> 
     </span>
     <span class='ocr_line' id='line_1_88' title="bbox 1124 1590 2147 1632; baseline 0 -10"><span class='ocrx_word' id='word_1_610' title='bbox 1124 1591 1296 1632; x_wconf 87' lang='lat' dir='ltr'>losophiam</span> <span class='ocrx_word' id='word_1_611' title='bbox 1318 1591 1568 1632; x_wconf 77' lang='lat' dir='ltr'>theologiamque</span> <span class='ocrx_word' id='word_1_612' title='bbox 1590 1591 1807 1623; x_wconf 83' lang='lat' dir='ltr'>scholasticam</span> <span class='ocrx_word' id='word_1_613' title='bbox 1829 1601 1899 1622; x_wconf 91' lang='lat' dir='ltr'>cum</span> <span class='ocrx_word' id='word_1_614' title='bbox 1921 1601 2035 1632; x_wconf 86' lang='lat' dir='ltr'>magna</span> <span class='ocrx_word' id='word_1_615' title='bbox 2056 1590 2147 1622; x_wconf 89' lang='lat' dir='ltr'>laude</span> 
     </span>
     <span class='ocr_line' id='line_1_89' title="bbox 1125 1635 2018 1677; baseline -0.001 -10"><span class='ocrx_word' id='word_1_616' title='bbox 1125 1647 1193 1667; x_wconf 85' lang='lat' dir='ltr'>cum</span> <span class='ocrx_word' id='word_1_617' title='bbox 1216 1636 1289 1667; x_wconf 81' lang='lat' dir='ltr'>alibi</span> <span class='ocrx_word' id='word_1_618' title='bbox 1310 1641 1377 1668; x_wconf 88' lang='lat' dir='ltr'>tum</span> <span class='ocrx_word' id='word_1_619' title='bbox 1399 1636 1564 1677; x_wconf 78' lang='lat' dir='ltr'>Compluti.</span> <span class='ocrx_word' id='word_1_620' title='bbox 1586 1636 1605 1677; x_wconf 86' lang='lat'><strong>†</strong></span> <span class='ocrx_word' id='word_1_621' title='bbox 1625 1636 1746 1667; x_wconf 79' lang='lat' dir='ltr'>Matriti</span> <span class='ocrx_word' id='word_1_622' title='bbox 1767 1635 1813 1667; x_wconf 84' lang='lat'>13.</span> <span class='ocrx_word' id='word_1_623' title='bbox 1835 1635 1908 1667; x_wconf 86' lang='lat' dir='ltr'>Feb.</span> <span class='ocrx_word' id='word_1_624' title='bbox 1932 1636 2018 1667; x_wconf 89' lang='lat'>1655.</span> 
     </span>
    </p>
   </div>
   <div class='ocr_carea' id='block_1_33' title="bbox 1123 1688 2148 2001">
    <p class='ocr_par' dir='ltr' id='par_1_34' title="bbox 1123 1688 2147 1863">
     <span class='ocr_line' id='line_1_90' title="bbox 1207 1688 2147 1726; baseline 0 -7"><span class='ocrx_word' id='word_1_625' title='bbox 1207 1689 1387 1720; x_wconf 67' lang='lat' dir='ltr'>Franciseus</span> <span class='ocrx_word' id='word_1_626' title='bbox 1413 1689 1447 1720; x_wconf 78' lang='lat' dir='ltr'>de</span> <span class='ocrx_word' id='word_1_627' title='bbox 1469 1689 1588 1726; x_wconf 76' lang='lat' dir='ltr'>Ovierlo,</span> <span class='ocrx_word' id='word_1_628' title='bbox 1616 1689 1692 1720; x_wconf 90' lang='lat'>1602</span> <span class='ocrx_word' id='word_1_629' title='bbox 1719 1692 1811 1720; x_wconf 86' lang='lat' dir='ltr'>natus</span> <span class='ocrx_word' id='word_1_630' title='bbox 1836 1688 1968 1726; x_wconf 86' lang='lat' dir='ltr'>Matriti,</span> <span class='ocrx_word' id='word_1_631' title='bbox 1995 1688 2147 1720; x_wconf 88' lang='lat' dir='ltr'>admissus</span> 
     </span>
     <span class='ocr_line' id='line_1_91' title="bbox 1126 1732 2147 1775; baseline -0.001 -11"><span class='ocrx_word' id='word_1_632' title='bbox 1126 1733 1212 1771; x_wconf 89' lang='lat'>1618,</span> <span class='ocrx_word' id='word_1_633' title='bbox 1235 1734 1341 1765; x_wconf 73' lang='lat' dir='ltr'>docuit</span> <span class='ocrx_word' id='word_1_634' title='bbox 1363 1734 1507 1775; x_wconf 81' lang='lat' dir='ltr'>Oropesae</span> <span class='ocrx_word' id='word_1_635' title='bbox 1528 1738 1559 1765; x_wconf 89' lang='lat' dir='ltr'>et</span> <span class='ocrx_word' id='word_1_636' title='bbox 1580 1733 1737 1774; x_wconf 87' lang='lat' dir='ltr'>Compluti</span> <span class='ocrx_word' id='word_1_637' title='bbox 1758 1732 1996 1774; x_wconf 86' lang='lat' dir='ltr'>philosophiam,</span> <span class='ocrx_word' id='word_1_638' title='bbox 2019 1732 2147 1764; x_wconf 87' lang='lat' dir='ltr'>ibidem-</span> 
     </span>
     <span class='ocr_line' id='line_1_92' title="bbox 1125 1777 2146 1819; baseline 0 -11"><span class='ocrx_word' id='word_1_639' title='bbox 1125 1788 1184 1818; x_wconf 77' lang='lat' dir='ltr'>que</span> <span class='ocrx_word' id='word_1_640' title='bbox 1220 1783 1251 1809; x_wconf 87' lang='lat' dir='ltr'>et</span> <span class='ocrx_word' id='word_1_641' title='bbox 1287 1778 1406 1809; x_wconf 85' lang='lat' dir='ltr'>Matriti</span> <span class='ocrx_word' id='word_1_642' title='bbox 1444 1777 1631 1819; x_wconf 78' lang='lat' dir='ltr'>theologiam</span> <span class='ocrx_word' id='word_1_643' title='bbox 1668 1777 1815 1809; x_wconf 85' lang='lat' dir='ltr'>moralem</span> <span class='ocrx_word' id='word_1_644' title='bbox 1852 1781 1884 1808; x_wconf 88' lang='lat' dir='ltr'>ct</span> <span class='ocrx_word' id='word_1_645' title='bbox 1919 1777 2146 1809; x_wconf 85' lang='lat' dir='ltr'>scholasticam.</span> 
     </span>
     <span class='ocr_line' id='line_1_93' title="bbox 1123 1822 1395 1863; baseline 0.004 -10"><span class='ocrx_word' id='word_1_646' title='bbox 1123 1823 1142 1863; x_wconf 87' lang='lat'><strong>†</strong></span> <span class='ocrx_word' id='word_1_647' title='bbox 1163 1823 1189 1854; x_wconf 85' lang='lat'>9.</span> <span class='ocrx_word' id='word_1_648' title='bbox 1214 1822 1285 1854; x_wconf 85' lang='lat' dir='ltr'>Feb.</span> <span class='ocrx_word' id='word_1_649' title='bbox 1311 1823 1395 1854; x_wconf 89' lang='lat'>1651.</span> 
     </span>
    </p>

    <p class='ocr_par' dir='ltr' id='par_1_35' title="bbox 1125 1870 2148 2001">
     <span class='ocr_line' id='line_1_94' title="bbox 1204 1870 2147 1911; baseline 0 -10"><span class='ocrx_word' id='word_1_650' title='bbox 1204 1873 1347 1902; x_wconf 88' lang='lat' dir='ltr'>Nicolaus</span> <span class='ocrx_word' id='word_1_651' title='bbox 1371 1873 1534 1908; x_wconf 86' lang='lat' dir='ltr'>Baldellus,</span> <span class='ocrx_word' id='word_1_652' title='bbox 1559 1871 1701 1903; x_wconf 86' lang='lat' dir='ltr'>Cortonae</span> <span class='ocrx_word' id='word_1_653' title='bbox 1725 1875 1818 1902; x_wconf 87' lang='lat' dir='ltr'>natus</span> <span class='ocrx_word' id='word_1_654' title='bbox 1844 1871 1930 1907; x_wconf 81' lang='lat'>1573,</span> <span class='ocrx_word' id='word_1_655' title='bbox 1957 1870 2033 1911; x_wconf 89' lang='lat' dir='ltr'>ingr.</span> <span class='ocrx_word' id='word_1_656' title='bbox 2060 1870 2147 1908; x_wconf 88' lang='lat'>1589,</span> 
     </span>
     <span class='ocr_line' id='line_1_95' title="bbox 1125 1914 2148 1957; baseline -0.001 -11"><span class='ocrx_word' id='word_1_657' title='bbox 1125 1915 1220 1947; x_wconf 87' lang='lat' dir='ltr'>lector</span> <span class='ocrx_word' id='word_1_658' title='bbox 1250 1916 1452 1957; x_wconf 81' lang='lat' dir='ltr'>philosophiae</span> <span class='ocrx_word' id='word_1_659' title='bbox 1481 1916 1518 1947; x_wconf 90' lang='lat'>10</span> <span class='ocrx_word' id='word_1_660' title='bbox 1547 1915 1645 1953; x_wconf 79' lang='lat' dir='ltr'>annis,</span> <span class='ocrx_word' id='word_1_661' title='bbox 1676 1915 1836 1956; x_wconf 72' lang='lat' dir='ltr'>theologiae</span> <span class='ocrx_word' id='word_1_662' title='bbox 1865 1914 1989 1946; x_wconf 90' lang='lat' dir='ltr'>moralis</span> <span class='ocrx_word' id='word_1_663' title='bbox 2017 1916 2045 1952; x_wconf 89' lang='lat'>6,</span> <span class='ocrx_word' id='word_1_664' title='bbox 2075 1914 2148 1956; x_wconf 88' lang='lat' dir='ltr'>dog-</span> 
     </span>
     <span class='ocr_line' id='line_1_96' title="bbox 1125 1959 2026 2001; baseline -0.001 -10"><span class='ocrx_word' id='word_1_665' title='bbox 1125 1960 1248 1991; x_wconf 76' lang='lat' dir='ltr'>maticae</span> <span class='ocrx_word' id='word_1_666' title='bbox 1272 1961 1379 1992; x_wconf 79' lang='lat' dir='ltr'>Romae</span> <span class='ocrx_word' id='word_1_667' title='bbox 1401 1961 1419 1992; x_wconf 73' lang='lat'>4</span> <span class='ocrx_word' id='word_1_668' title='bbox 1442 1960 1540 1992; x_wconf 88' lang='lat' dir='ltr'>annis.</span> <span class='ocrx_word' id='word_1_669' title='bbox 1564 1961 1583 2001; x_wconf 88' lang='lat'>†</span> <span class='ocrx_word' id='word_1_670' title='bbox 1605 1960 1748 1991; x_wconf 74' lang='lat' dir='ltr'>Cortonae</span> <span class='ocrx_word' id='word_1_671' title='bbox 1770 1960 1816 1991; x_wconf 93' lang='lat'>16.</span> <span class='ocrx_word' id='word_1_672' title='bbox 1840 1960 1914 1991; x_wconf 90' lang='lat' dir='ltr'>Dec.</span> <span class='ocrx_word' id='word_1_673' title='bbox 1939 1959 2026 1991; x_wconf 85' lang='lat'>1655.</span> 
     </span>
    </p>
   </div>
   <div class='ocr_carea' id='block_1_34' title="bbox 1125 2011 2148 2267">
    <p class='ocr_par' dir='ltr' id='par_1_36' title="bbox 1125 2011 2148 2267">
     <span class='ocr_line' id='line_1_97' title="bbox 1204 2011 2148 2052; baseline -0.002 -8"><span class='ocrx_word' id='word_1_674' title='bbox 1204 2013 1480 2045; x_wconf 80' lang='lat' dir='ltr'>Hel-mannus</span> <span class='ocrx_word' id='word_1_675' title='bbox 1500 2012 1809 2052; x_wconf 76' lang='lat' dir='ltr'>Busembaum,</span> <span class='ocrx_word' id='word_1_676' title='bbox 1824 2013 1901 2044; x_wconf 84' lang='lat'>1600</span> <span class='ocrx_word' id='word_1_677' title='bbox 1918 2015 2011 2043; x_wconf 89' lang='lat' dir='ltr'>natus</span> <span class='ocrx_word' id='word_1_678' title='bbox 2029 2011 2059 2043; x_wconf 89' lang='lat' dir='ltr'>in</span> <span class='ocrx_word' id='word_1_679' title='bbox 2072 2012 2148 2043; x_wconf 89' lang='lat' dir='ltr'>Not-</span> 
     </span>
     <span class='ocr_line' id='line_1_98' title="bbox 1127 2056 2148 2096; baseline -0.001 -8"><span class='ocrx_word' id='word_1_680' title='bbox 1127 2057 1204 2095; x_wconf 82' lang='lat' dir='ltr'>tuln,</span> <span class='ocrx_word' id='word_1_681' title='bbox 1232 2057 1422 2095; x_wconf 73' lang='lat' dir='ltr'>Guestfaliae,</span> <span class='ocrx_word' id='word_1_682' title='bbox 1452 2057 1482 2088; x_wconf 87' lang='lat' dir='ltr'>in</span> <span class='ocrx_word' id='word_1_683' title='bbox 1509 2057 1538 2088; x_wconf 89' lang='lat' dir='ltr'>S.</span> <span class='ocrx_word' id='word_1_684' title='bbox 1567 2057 1596 2088; x_wconf 85' lang='lat' dir='ltr'>J.</span> <span class='ocrx_word' id='word_1_685' title='bbox 1627 2057 1666 2088; x_wconf 91' lang='lat' dir='ltr'>ab</span> <span class='ocrx_word' id='word_1_686' title='bbox 1693 2067 1775 2088; x_wconf 87' lang='lat' dir='ltr'>anno</span> <span class='ocrx_word' id='word_1_687' title='bbox 1802 2057 1889 2094; x_wconf 86' lang='lat'>1619,</span> <span class='ocrx_word' id='word_1_688' title='bbox 1918 2056 2025 2088; x_wconf 89' lang='lat' dir='ltr'>docuit</span> <span class='ocrx_word' id='word_1_689' title='bbox 2050 2056 2148 2096; x_wconf 90' lang='lat' dir='ltr'>philo-</span> 
     </span>
     <span class='ocr_line' id='line_1_99' title="bbox 1126 2100 2147 2144; baseline -0.001 -11"><span class='ocrx_word' id='word_1_690' title='bbox 1126 2102 1276 2142; x_wconf 78' lang='lat' dir='ltr'>sophiam.</span> <span class='ocrx_word' id='word_1_691' title='bbox 1309 2101 1497 2144; x_wconf 86' lang='lat' dir='ltr'>theologiam</span> <span class='ocrx_word' id='word_1_692' title='bbox 1528 2101 1737 2143; x_wconf 88' lang='lat' dir='ltr'>dogmaticam</span> <span class='ocrx_word' id='word_1_693' title='bbox 1768 2106 1800 2133; x_wconf 88' lang='lat' dir='ltr'>et</span> <span class='ocrx_word' id='word_1_694' title='bbox 1829 2101 1986 2133; x_wconf 86' lang='lat' dir='ltr'>moralem.</span> <span class='ocrx_word' id='word_1_695' title='bbox 2048 2100 2147 2141; x_wconf 88' lang='lat' dir='ltr'>Ipsius</span> 
     </span>
     <span class='ocr_line' id='line_1_100' title="bbox 1126 2145 2148 2188; baseline -0.001 -11"><span class='ocrx_word' id='word_1_696' title='bbox 1126 2156 1202 2187; x_wconf 83' lang='lat' dir='ltr'>opus</span> <span class='ocrx_word' id='word_1_697' title='bbox 1225 2146 1393 2188; x_wconf 87' lang='lat' dir='ltr'>principale</span> <span class='ocrx_word' id='word_1_698' title='bbox 1415 2146 1572 2184; x_wconf 74' lang='lat' dir='ltr'>„Medulla</span> <span class='ocrx_word' id='word_1_699' title='bbox 1593 2145 1753 2187; x_wconf 71' lang='lat' dir='ltr'>theologia&gt;</span> <span class='ocrx_word' id='word_1_700' title='bbox 1773 2145 1897 2177; x_wconf 87' lang='lat' dir='ltr'>moralis</span> <span class='ocrx_word' id='word_1_701' title='bbox 1919 2145 2016 2177; x_wconf 85' lang='grc'>1650“</span> <span class='ocrx_word' id='word_1_702' title='bbox 2037 2145 2148 2186; x_wconf 85' lang='lat' dir='ltr'>saepius</span> 
     </span>
     <span class='ocr_line' id='line_1_101' title="bbox 1127 2189 2148 2231; baseline 0 -10"><span class='ocrx_word' id='word_1_703' title='bbox 1127 2201 1221 2231; x_wconf 86' lang='lat' dir='ltr'>quam</span> <span class='ocrx_word' id='word_1_704' title='bbox 1251 2191 1410 2222; x_wconf 83' lang='lat' dir='ltr'>ducenties</span> <span class='ocrx_word' id='word_1_705' title='bbox 1440 2191 1623 2231; x_wconf 89' lang='lat' dir='ltr'>impressum</span> <span class='ocrx_word' id='word_1_706' title='bbox 1653 2194 1708 2222; x_wconf 87' lang='lat' dir='ltr'>est.</span> <span class='ocrx_word' id='word_1_707' title='bbox 1738 2190 1757 2231; x_wconf 86' lang='lat'>†</span> <span class='ocrx_word' id='word_1_708' title='bbox 1787 2191 1902 2222; x_wconf 85' lang='lat' dir='ltr'>Rector</span> <span class='ocrx_word' id='word_1_709' title='bbox 1929 2190 1961 2222; x_wconf 88' lang='lat' dir='ltr'>C.</span> <span class='ocrx_word' id='word_1_710' title='bbox 1992 2189 2148 2221; x_wconf 88' lang='lat' dir='ltr'>Monaste-</span> 
     </span>
     <span class='ocr_line' id='line_1_102' title="bbox 1125 2235 1516 2267; baseline 0.003 -1"><span class='ocrx_word' id='word_1_711' title='bbox 1125 2235 1234 2267; x_wconf 89' lang='lat' dir='ltr'>ricnsis</span> <span class='ocrx_word' id='word_1_712' title='bbox 1259 2236 1305 2267; x_wconf 86' lang='lat'>31.</span> <span class='ocrx_word' id='word_1_713' title='bbox 1332 2235 1403 2267; x_wconf 84' lang='lat' dir='ltr'>Jan.</span> <span class='ocrx_word' id='word_1_714' title='bbox 1431 2236 1516 2267; x_wconf 87' lang='lat'>1668.</span> 
     </span>
    </p>
   </div>
   <div class='ocr_carea' id='block_1_35' title="bbox 1126 2287 2148 2374">
    <p class='ocr_par' dir='ltr' id='par_1_37' title="bbox 1126 2287 2148 2374">
     <span class='ocr_line' id='line_1_103' title="bbox 1204 2287 2146 2326; baseline -0.001 -7"><span class='ocrx_word' id='word_1_715' title='bbox 1204 2291 1359 2320; x_wconf 83' lang='lat' dir='ltr'>Antonius</span> <span class='ocrx_word' id='word_1_716' title='bbox 1380 2291 1513 2320; x_wconf 84' lang='lat' dir='ltr'>Eseobar</span> <span class='ocrx_word' id='word_1_717' title='bbox 1533 2298 1552 2326; x_wconf 85' lang='lat' dir='ltr'>y</span> <span class='ocrx_word' id='word_1_718' title='bbox 1573 2290 1732 2324; x_wconf 81' lang='lat' dir='ltr'>mendoza,</span> <span class='ocrx_word' id='word_1_719' title='bbox 1753 2287 1923 2319; x_wconf 88' lang='lat' dir='ltr'>Vallisoleti</span> <span class='ocrx_word' id='word_1_720' title='bbox 1944 2290 2037 2319; x_wconf 88' lang='lat' dir='ltr'>natus</span> <span class='ocrx_word' id='word_1_721' title='bbox 2059 2287 2146 2325; x_wconf 87' lang='lat'>1589,</span> 
     </span>
     <span class='ocr_line' id='line_1_104' title="bbox 1126 2330 2148 2374; baseline -0.001 -10"><span class='ocrx_word' id='word_1_722' title='bbox 1126 2333 1202 2374; x_wconf 87' lang='lat' dir='ltr'>ingr.</span> <span class='ocrx_word' id='word_1_723' title='bbox 1224 2334 1310 2364; x_wconf 82' lang='grc'>1604.</span> <span class='ocrx_word' id='word_1_724' title='bbox 1348 2333 1500 2374; x_wconf 79' lang='lat' dir='ltr'>Operibus</span> <span class='ocrx_word' id='word_1_725' title='bbox 1519 2333 1585 2374; x_wconf 82' lang='lat' dir='ltr'>ejus</span> <span class='ocrx_word' id='word_1_726' title='bbox 1605 2333 1796 2364; x_wconf 85' lang='lat' dir='ltr'>abutebatur</span> <span class='ocrx_word' id='word_1_727' title='bbox 1813 2331 1923 2363; x_wconf 90' lang='lat' dir='ltr'>Pascal</span> <span class='ocrx_word' id='word_1_728' title='bbox 1941 2331 1981 2363; x_wconf 89' lang='lat' dir='ltr'>ad</span> <span class='ocrx_word' id='word_1_729' title='bbox 1999 2330 2148 2363; x_wconf 87' lang='lat' dir='ltr'>calumni-</span> 
     </span>
    </p>
   </div>
   <div class='ocr_carea' id='block_1_36' title="bbox 1125 2375 2148 2454">
    <p class='ocr_par' dir='ltr' id='par_1_38' title="bbox 1125 2375 2148 2454">
     <span class='ocr_line' id='line_1_105' title="bbox 1125 2375 2148 2454; baseline -0.002 -45"><span class='ocrx_word' id='word_1_730' title='bbox 1125 2378 1239 2453; x_wconf 56' lang='lat' dir='ltr'>anjmli</span> <span class='ocrx_word' id='word_1_731' title='bbox 1275 2377 1465 2454; x_wconf 54' lang='lat' dir='ltr'>{ggglogiam</span> <span class='ocrx_word' id='word_1_732' title='bbox 1501 2377 1648 2409; x_wconf 85' lang='lat' dir='ltr'>moralem</span> <span class='ocrx_word' id='word_1_733' title='bbox 1685 2377 1886 2409; x_wconf 84' lang='lat' dir='ltr'>Jesuitarum.</span> <span class='ocrx_word' id='word_1_734' title='bbox 1922 2376 1941 2418; x_wconf 85' lang='lat'>†</span> <span class='ocrx_word' id='word_1_735' title='bbox 1978 2375 2148 2408; x_wconf 85' lang='lat' dir='ltr'>Vallisoleti</span> 
     </span>
     <span class='ocr_line' id='line_1_106' title="bbox 1147 2433 1361 2454; baseline 0 0"><span class='ocrx_word' id='word_1_736' title='bbox 1147 2448 1153 2454; x_wconf 95' lang='lat'>.</span> <span class='ocrx_word' id='word_1_737' title='bbox 1204 2433 1245 2454; x_wconf 89' lang='lat' dir='ltr'>u.</span> <span class='ocrx_word' id='word_1_738' title='bbox 1355 2448 1361 2454; x_wconf 86' lang='lat'>.</span> 
     </span>
    </p>
   </div>
   <div class='ocr_carea' id='block_1_37' title="bbox 1126 2468 2148 2556">
    <p class='ocr_par' dir='ltr' id='par_1_39' title="bbox 1126 2468 2148 2556">
     <span class='ocr_line' id='line_1_107' title="bbox 1209 2468 2148 2509; baseline -0.001 -8"><span class='ocrx_word' id='word_1_739' title='bbox 1209 2470 1338 2502; x_wconf 81' lang='lat' dir='ltr'>Thomas</span> <span class='ocrx_word' id='word_1_740' title='bbox 1366 2470 1555 2509; x_wconf 82' lang='lat' dir='ltr'>Tambarini,</span> <span class='ocrx_word' id='word_1_741' title='bbox 1581 2474 1645 2502; x_wconf 91' lang='lat' dir='ltr'>nat.</span> <span class='ocrx_word' id='word_1_742' title='bbox 1672 2471 1699 2502; x_wconf 87' lang='grc'>6.</span> <span class='ocrx_word' id='word_1_743' title='bbox 1725 2470 1817 2501; x_wconf 86' lang='lat' dir='ltr'>Mart.</span> <span class='ocrx_word' id='word_1_744' title='bbox 1842 2470 1917 2501; x_wconf 87' lang='grc'>1591</span> <span class='ocrx_word' id='word_1_745' title='bbox 1934 2468 2148 2501; x_wconf 81' lang='lat' dir='ltr'>Caltanisettae</span> 
     </span>
     <span class='ocr_line' id='line_1_108' title="bbox 1126 2513 2148 2556; baseline -0.001 -11"><span class='ocrx_word' id='word_1_746' title='bbox 1126 2514 1158 2546; x_wconf 90' lang='lat' dir='ltr'>in</span> <span class='ocrx_word' id='word_1_747' title='bbox 1185 2515 1297 2552; x_wconf 81' lang='lat' dir='ltr'>Sicilia,</span> <span class='ocrx_word' id='word_1_748' title='bbox 1326 2515 1463 2546; x_wconf 87' lang='lat' dir='ltr'>novitius</span> <span class='ocrx_word' id='word_1_749' title='bbox 1491 2516 1537 2546; x_wconf 89' lang='lat'>21.</span> <span class='ocrx_word' id='word_1_750' title='bbox 1566 2515 1650 2556; x_wconf 87' lang='lat' dir='ltr'>Sept.</span> <span class='ocrx_word' id='word_1_751' title='bbox 1680 2515 1766 2552; x_wconf 87' lang='lat'>1606,</span> <span class='ocrx_word' id='word_1_752' title='bbox 1794 2514 1949 2555; x_wconf 85' lang='lat' dir='ltr'>professus</span> <span class='ocrx_word' id='word_1_753' title='bbox 1976 2517 2024 2545; x_wconf 89' lang='lat' dir='ltr'>est</span> <span class='ocrx_word' id='word_1_754' title='bbox 2049 2513 2148 2554; x_wconf 91' lang='lat' dir='ltr'>philo-</span> 
     </span>
    </p>
   </div>
   <div class='ocr_carea' id='block_1_38' title="bbox 1126 2558 2145 2645">
    <p class='ocr_par' dir='ltr' id='par_1_40' title="bbox 1126 2558 2145 2645">
     <span class='ocr_line' id='line_1_109' title="bbox 1128 2558 2145 2601; baseline -0.001 -11"><span class='ocrx_word' id='word_1_755' title='bbox 1128 2559 1268 2600; x_wconf 89' lang='lat' dir='ltr'>sophiam</span> <span class='ocrx_word' id='word_1_756' title='bbox 1288 2561 1316 2597; x_wconf 82' lang='lat'>4,</span> <span class='ocrx_word' id='word_1_757' title='bbox 1337 2559 1524 2601; x_wconf 85' lang='lat' dir='ltr'>theologiam</span> <span class='ocrx_word' id='word_1_758' title='bbox 1545 2558 1753 2601; x_wconf 89' lang='lat' dir='ltr'>dogmaticam</span> <span class='ocrx_word' id='word_1_759' title='bbox 1775 2560 1801 2597; x_wconf 91' lang='lat'>7,</span> <span class='ocrx_word' id='word_1_760' title='bbox 1822 2558 1970 2590; x_wconf 89' lang='lat' dir='ltr'>moralem</span> <span class='ocrx_word' id='word_1_761' title='bbox 1991 2559 2028 2589; x_wconf 90' lang='lat'>17</span> <span class='ocrx_word' id='word_1_762' title='bbox 2047 2558 2145 2589; x_wconf 88' lang='lat' dir='ltr'>annis.</span> 
     </span>
     <span class='ocr_line' id='line_1_110' title="bbox 1126 2604 1596 2645; baseline 0 -10"><span class='ocrx_word' id='word_1_763' title='bbox 1126 2604 1145 2645; x_wconf 86' lang='lat'>†</span> <span class='ocrx_word' id='word_1_764' title='bbox 1169 2604 1315 2635; x_wconf 89' lang='lat' dir='ltr'>Panormi</span> <span class='ocrx_word' id='word_1_765' title='bbox 1341 2605 1387 2636; x_wconf 92' lang='lat'>10.</span> <span class='ocrx_word' id='word_1_766' title='bbox 1414 2604 1483 2636; x_wconf 89' lang='lat' dir='ltr'>Oct.</span> <span class='ocrx_word' id='word_1_767' title='bbox 1510 2604 1596 2635; x_wconf 88' lang='grc'>1675.</span> 
     </span>
    </p>
   </div>
   <div class='ocr_carea' id='block_1_39' title="bbox 1126 2654 2148 3088">
    <p class='ocr_par' dir='ltr' id='par_1_41' title="bbox 1126 2654 2148 3088">
     <span class='ocr_line' id='line_1_111' title="bbox 1206 2654 2147 2697; baseline -0.001 -10"><span class='ocrx_word' id='word_1_768' title='bbox 1206 2658 1359 2688; x_wconf 88' lang='lat' dir='ltr'>Antonius</span> <span class='ocrx_word' id='word_1_769' title='bbox 1383 2658 1509 2687; x_wconf 88' lang='lat' dir='ltr'>Terillus</span> <span class='ocrx_word' id='word_1_770' title='bbox 1537 2656 1697 2697; x_wconf 88' lang='lat' dir='ltr'>(Bonvill),</span> <span class='ocrx_word' id='word_1_771' title='bbox 1726 2659 1819 2687; x_wconf 87' lang='lat' dir='ltr'>natus</span> <span class='ocrx_word' id='word_1_772' title='bbox 1849 2655 1925 2687; x_wconf 89' lang='lat'>1623</span> <span class='ocrx_word' id='word_1_773' title='bbox 1963 2654 2147 2687; x_wconf 82' lang='lat' dir='ltr'>Doreestriae</span> 
     </span>
     <span class='ocr_line' id='line_1_112' title="bbox 1127 2699 2148 2742; baseline -0.001 -10"><span class='ocrx_word' id='word_1_774' title='bbox 1127 2700 1255 2742; x_wconf 86' lang='lat' dir='ltr'>Angliae,</span> <span class='ocrx_word' id='word_1_775' title='bbox 1288 2701 1440 2732; x_wconf 85' lang='lat' dir='ltr'>admissus</span> <span class='ocrx_word' id='word_1_776' title='bbox 1474 2702 1520 2733; x_wconf 88' lang='lat'>20.</span> <span class='ocrx_word' id='word_1_777' title='bbox 1548 2701 1621 2733; x_wconf 80' lang='lat' dir='ltr'>Jun.</span> <span class='ocrx_word' id='word_1_778' title='bbox 1648 2701 1735 2738; x_wconf 91' lang='lat'>1647,</span> <span class='ocrx_word' id='word_1_779' title='bbox 1761 2700 1858 2732; x_wconf 88' lang='lat' dir='ltr'>lector</span> <span class='ocrx_word' id='word_1_780' title='bbox 1888 2699 2092 2741; x_wconf 84' lang='lat' dir='ltr'>philosophiae</span> <span class='ocrx_word' id='word_1_781' title='bbox 2116 2703 2148 2731; x_wconf 84' lang='lat' dir='ltr'>et</span> 
     </span>
     <span class='ocr_line' id='line_1_113' title="bbox 1127 2743 2146 2787; baseline -0.001 -11"><span class='ocrx_word' id='word_1_782' title='bbox 1127 2745 1289 2786; x_wconf 86' lang='lat' dir='ltr'>theologiae</span> <span class='ocrx_word' id='word_1_783' title='bbox 1320 2745 1513 2787; x_wconf 67' lang='lat' dir='ltr'>dogmaticae,</span> <span class='ocrx_word' id='word_1_784' title='bbox 1547 2755 1617 2777; x_wconf 90' lang='lat' dir='ltr'>acer</span> <span class='ocrx_word' id='word_1_785' title='bbox 1648 2748 1715 2776; x_wconf 88' lang='lat' dir='ltr'>erat</span> <span class='ocrx_word' id='word_1_786' title='bbox 1746 2744 1888 2776; x_wconf 85' lang='lat' dir='ltr'>defensor</span> <span class='ocrx_word' id='word_1_787' title='bbox 1918 2743 2146 2781; x_wconf 87' lang='lat' dir='ltr'>Probabilismi,</span> 
     </span>
     <span class='ocr_line' id='line_1_114' title="bbox 1128 2787 2148 2831; baseline -0.001 -11"><span class='ocrx_word' id='word_1_788' title='bbox 1128 2789 1180 2831; x_wconf 90' lang='lat' dir='ltr'>qui</span> <span class='ocrx_word' id='word_1_789' title='bbox 1206 2789 1266 2821; x_wconf 90' lang='lat' dir='ltr'>isto</span> <span class='ocrx_word' id='word_1_790' title='bbox 1295 2794 1433 2831; x_wconf 90' lang='lat' dir='ltr'>tempore</span> <span class='ocrx_word' id='word_1_791' title='bbox 1461 2790 1660 2822; x_wconf 88' lang='lat' dir='ltr'>vehementer</span> <span class='ocrx_word' id='word_1_792' title='bbox 1687 2788 1937 2830; x_wconf 88' lang='lat' dir='ltr'>oppugnabatur,</span> <span class='ocrx_word' id='word_1_793' title='bbox 1966 2792 1998 2820; x_wconf 87' lang='lat' dir='ltr'>et</span> <span class='ocrx_word' id='word_1_794' title='bbox 2024 2787 2148 2829; x_wconf 85' lang='lat' dir='ltr'>scripsit</span> 
     </span>
     <span class='ocr_line' id='line_1_115' title="bbox 1127 2832 2147 2875; baseline -0.002 -10"><span class='ocrx_word' id='word_1_795' title='bbox 1127 2837 1236 2865; x_wconf 89' lang='lat' dir='ltr'>contra</span> <span class='ocrx_word' id='word_1_796' title='bbox 1262 2834 1295 2865; x_wconf 87' lang='lat' dir='ltr'>P.</span> <span class='ocrx_word' id='word_1_797' title='bbox 1315 2834 1496 2866; x_wconf 77' lang='lat' dir='ltr'>Michaelem</span> <span class='ocrx_word' id='word_1_798' title='bbox 1523 2834 1562 2866; x_wconf 91' lang='lat' dir='ltr'>de</span> <span class='ocrx_word' id='word_1_799' title='bbox 1588 2833 1728 2865; x_wconf 87' lang='lat' dir='ltr'>Elizaldo</span> <span class='ocrx_word' id='word_1_800' title='bbox 1755 2834 1787 2875; x_wconf 93' lang='lat'>(†</span> <span class='ocrx_word' id='word_1_801' title='bbox 1814 2833 1901 2871; x_wconf 90' lang='lat'>1678,</span> <span class='ocrx_word' id='word_1_802' title='bbox 1930 2833 1983 2874; x_wconf 86' lang='lat' dir='ltr'>qui</span> <span class='ocrx_word' id='word_1_803' title='bbox 2009 2832 2066 2864; x_wconf 90' lang='lat' dir='ltr'>sub</span> <span class='ocrx_word' id='word_1_804' title='bbox 2093 2842 2147 2863; x_wconf 93' lang='lat' dir='ltr'>no-</span> 
     </span>
     <span class='ocr_line' id='line_1_116' title="bbox 1126 2876 2148 2919; baseline -0.001 -10"><span class='ocrx_word' id='word_1_805' title='bbox 1126 2878 1209 2910; x_wconf 90' lang='lat' dir='ltr'>mine</span> <span class='ocrx_word' id='word_1_806' title='bbox 1238 2878 1368 2910; x_wconf 89' lang='lat' dir='ltr'>Antonii</span> <span class='ocrx_word' id='word_1_807' title='bbox 1399 2878 1535 2910; x_wconf 90' lang='lat' dir='ltr'>Calladei</span> <span class='ocrx_word' id='word_1_808' title='bbox 1566 2878 1681 2919; x_wconf 89' lang='lat' dir='ltr'>scripto</span> <span class='ocrx_word' id='word_1_809' title='bbox 1713 2888 1767 2909; x_wconf 91' lang='lat' dir='ltr'>suo</span> <span class='ocrx_word' id='word_1_810' title='bbox 1800 2878 1859 2916; x_wconf 87' lang='lat' dir='ltr'>„de</span> <span class='ocrx_word' id='word_1_811' title='bbox 1889 2881 1975 2909; x_wconf 87' lang='lat' dir='ltr'>recta</span> <span class='ocrx_word' id='word_1_812' title='bbox 2005 2876 2148 2908; x_wconf 90' lang='lat' dir='ltr'>doctrina</span> 
     </span>
     <span class='ocr_line' id='line_1_117' title="bbox 1127 2920 2147 2962; baseline -0.001 -9"><span class='ocrx_word' id='word_1_813' title='bbox 1127 2923 1269 2954; x_wconf 74' lang='lat' dir='ltr'>morum“</span> <span class='ocrx_word' id='word_1_814' title='bbox 1289 2923 1463 2954; x_wconf 86' lang='lat' dir='ltr'>conabatur</span> <span class='ocrx_word' id='word_1_815' title='bbox 1480 2923 1638 2954; x_wconf 86' lang='lat' dir='ltr'>destruere</span> <span class='ocrx_word' id='word_1_816' title='bbox 1664 2922 1939 2962; x_wconf 90' lang='lat' dir='ltr'>Probabilismum)</span> <span class='ocrx_word' id='word_1_817' title='bbox 1957 2931 2043 2962; x_wconf 87' lang='lat' dir='ltr'>opus,</span> <span class='ocrx_word' id='word_1_818' title='bbox 2064 2920 2147 2962; x_wconf 89' lang='lat' dir='ltr'>quod</span> 
     </span>
     <span class='ocr_line' id='line_1_118' title="bbox 1128 2965 2147 3009; baseline -0.002 -11"><span class='ocrx_word' id='word_1_819' title='bbox 1128 2967 1307 2998; x_wconf 89' lang='lat' dir='ltr'>inscribitur</span> <span class='ocrx_word' id='word_1_820' title='bbox 1328 2967 1469 3009; x_wconf 76' lang='lat' dir='ltr'>„Regula</span> <span class='ocrx_word' id='word_1_821' title='bbox 1488 2967 1641 2999; x_wconf 54' lang='lat' dir='ltr'>morum‘fi</span> <span class='ocrx_word' id='word_1_822' title='bbox 1683 2967 1764 2998; x_wconf 88' lang='lat' dir='ltr'>Huic</span> <span class='ocrx_word' id='word_1_823' title='bbox 1784 2970 1981 3007; x_wconf 85' lang='lat' dir='ltr'>praecesserat</span> <span class='ocrx_word' id='word_1_824' title='bbox 2002 2965 2147 3003; x_wconf 87' lang='lat' dir='ltr'>„Funda-</span> 
     </span>
     <span class='ocr_line' id='line_1_119' title="bbox 1127 3009 2147 3054; baseline -0.001 -12"><span class='ocrx_word' id='word_1_825' title='bbox 1127 3015 1268 3042; x_wconf 88' lang='lat' dir='ltr'>mentum</span> <span class='ocrx_word' id='word_1_826' title='bbox 1288 3012 1385 3043; x_wconf 89' lang='lat' dir='ltr'>totius</span> <span class='ocrx_word' id='word_1_827' title='bbox 1405 3011 1566 3054; x_wconf 76' lang='lat' dir='ltr'>theologiae</span> <span class='ocrx_word' id='word_1_828' title='bbox 1583 3011 1708 3043; x_wconf 90' lang='lat' dir='ltr'>moralis</span> <span class='ocrx_word' id='word_1_829' title='bbox 1727 3011 1840 3052; x_wconf 91' lang='lat'>(1668).</span> <span class='ocrx_word' id='word_1_830' title='bbox 1859 3010 1879 3052; x_wconf 92' lang='lat'>†</span> <span class='ocrx_word' id='word_1_831' title='bbox 1896 3009 2003 3042; x_wconf 88' lang='lat' dir='ltr'>Leodii</span> <span class='ocrx_word' id='word_1_832' title='bbox 2022 3010 2069 3042; x_wconf 91' lang='lat'>11.</span> <span class='ocrx_word' id='word_1_833' title='bbox 2089 3009 2147 3041; x_wconf 91' lang='lat' dir='ltr'>Oc-</span> 
     </span>
     <span class='ocr_line' id='line_1_120' title="bbox 1128 3055 1334 3088; baseline 0.005 -1"><span class='ocrx_word' id='word_1_834' title='bbox 1128 3055 1227 3088; x_wconf 88' lang='lat' dir='ltr'>tobris</span> <span class='ocrx_word' id='word_1_835' title='bbox 1247 3056 1334 3088; x_wconf 91' lang='lat'>1676.</span> 
     </span>
    </p>
   </div>
  </div>
 </body>
</html>
