2372 3550
998 262 1032 300 7.
1062 259 1251 299 Scientia.

156 361 288 394 Jacobus
319 360 456 398 Tirenus,
486 363 580 391 natus
609 360 656 392 16.
686 360 772 401 Sept.
802 358 880 390 1580
908 359 1099 400 Antverpiae‚

78 406 108 438 S.
127 406 157 438 J.
177 406 224 438 13.
242 406 335 437 Mart.
354 405 441 443 1600,
460 403 578 445 primus
598 404 713 436 Rector
730 404 840 435 domus
858 404 1005 444 professae
1021 404 1100 435 Ant-

79 450 258 491 verpiensis,
279 449 333 481 ubi
351 448 371 490 †
390 449 438 480 14.
460 447 523 480 Jul.
545 449 632 481 1636.

157 504 314 534 Cornelius
338 510 357 533 a
381 502 492 539 Lapide
517 501 593 542 (van
618 501 678 533 den
703 501 819 543 Steen),
847 502 894 533 18.
920 502 994 533 Dec.
1022 501 1100 533 1567

77 546 249 579 Borcholtii
276 546 309 578 in
339 555 449 587 campo
479 545 642 577 Leodiensi
672 550 775 584 natus,
807 545 957 578 Societati
986 556 1100 577 nomen

77 591 165 623 dedit
178 591 225 623 11.
242 590 305 623 Jul.
320 590 408 622 1592.
435 590 547 622 Lector
560 590 590 622 S.
605 590 773 631 Scripturae
787 589 919 622 Lovanii
934 594 966 622 et
981 590 1098 622 Romae.

78 635 307 677 Interpretatus
342 638 390 666 est
424 638 525 666 totam
562 634 696 666 Bibliam
732 634 870 676 exceptis
904 634 1033 675 psalmis
1068 638 1101 666 et

75 679 153 712 libro
171 679 242 712 Job.
261 679 280 721 †
298 680 345 711 12.
365 679 458 711 Mart.
478 679 564 711 1637.

159 734 296 764 Joannes
312 733 348 763 de
364 734 487 771 Pineda,
505 736 570 764 nat.
589 732 712 774 Hispali
728 732 815 770 1558,
832 731 910 773 ingr.
929 732 1016 769 1572,
1034 731 1099 772 jam

74 777 256 819 priusquam
299 776 472 809 sacerdotio
512 776 629 809 initiari
675 780 773 818 ponet
813 776 960 808 Granatae
1000 775 1099 817 philo-

75 821 227 863 sophiam,
252 821 394 853 sacerdos
417 820 606 862 theologiam
629 825 662 853 et
684 831 738 862 per
762 821 799 852 18
823 830 920 852 annos
943 820 972 852 S.
997 820 1098 861 Scrip-

75 869 179 898 turam
206 866 364 908 professus
394 869 442 897 est
470 865 630 904 Cordubae,
661 864 793 906 Hispali,
823 864 954 896 Matriti.
1000 864 1098 896 Inter-

73 909 210 952 pretatio
236 910 308 942 libri
335 909 397 942 Job
425 913 472 941 est
499 920 575 951 opus
603 909 669 951 ejus
697 909 861 951 optimum,
891 909 975 950 quod
1002 908 1097 940 etiam

73 954 242 987 hodiedum
252 954 357 996 magni
369 954 543 986 aestimatur
552 964 571 986 a
580 954 837 995 protestantibus.
847 953 866 995 †
877 954 923 985 27.
932 953 1096 987 ε1111111637.

157 1009 291 1039 Jacobus
302 1009 480 1039 Bontrerius
491 1007 676 1049 (Bonfrere),
689 1005 841 1038 Dionanti
853 1009 947 1037 natus
960 1007 1007 1037 12.
1021 1005 1096 1047 Apr.

74 1052 162 1091 1573,
180 1052 259 1094 ingr.
280 1053 327 1085 14.
347 1052 421 1084 Dec.
442 1052 529 1089 1592,
549 1051 645 1083 lector
662 1050 866 1092 philosophiae
885 1054 916 1082 et
935 1050 1098 1092 theologiae

72 1096 183 1135 Duaci,
195 1096 348 1138 imprimis
360 1096 484 1137 scripsit
495 1096 533 1127 de
544 1095 581 1127 V.
594 1095 795 1127 Testamento
807 1098 839 1126 et
852 1094 1097 1133 „Onomasticon

73 1141 196 1173 urbium
214 1144 247 1173 et
262 1140 401 1173 locorum
417 1141 448 1173 S.
466 1139 664 1181 Scripturae“.
682 1139 702 1180 †
719 1138 850 1170 Tornaci
867 1139 894 1171 9.
913 1139 988 1180 Maj.
1008 1139 1094 1171 1642.

151 1193 202 1226 Jo.
231 1193 403 1233 Stephanus
431 1192 620 1230 Menochius,
650 1196 715 1224 nat.
747 1192 824 1223 1575
852 1191 987 1229 Patavii,
1016 1192 1094 1233 ingr.

72 1237 120 1270 25.
142 1237 217 1279 Maj.
241 1237 328 1276 1594,
350 1236 457 1269 docuit
484 1237 514 1268 S.
536 1236 729 1277 Scripturam
760 1240 792 1268 et
812 1235 1000 1278 theologiam
1031 1246 1096 1268 mo-

72 1281 178 1321 ralem,
206 1282 314 1314 Romae
340 1281 401 1313 fuit
426 1284 527 1313 rector
551 1280 686 1322 Collegfi,
713 1280 912 1318 Povincialis,
939 1280 1095 1312 Assistens

73 1325 174 1358 Italiae
197 1330 229 1359 et
252 1325 430 1358 admonitor
453 1325 620 1357 Generalis
646 1325 665 1366 †
688 1326 716 1357 4.
741 1325 815 1357 Feb.
842 1325 929 1357 1655.

152 1378 286 1411 Renatus
312 1378 377 1411 Jos.
405 1378 440 1410 de
470 1378 679 1417 Toumemz'ne,
706 1382 772 1410 nat.
796 1378 883 1417 1661,
910 1378 987 1420 ingr.
1006 1378 1093 1417 1680,

71 1426 184 1464 praeter
207 1422 323 1455 multas
349 1423 458 1455 doctas
483 1422 763 1455 commentationes
788 1422 820 1454 in
848 1423 1030 1461 „Memoires
1056 1423 1094 1455 de

72 1467 248 1506 Trevoux“,
276 1467 376 1500 edidit
403 1467 637 1500 dissertationes
665 1467 703 1499 de
731 1467 930 1509 chronologia
956 1467 1094 1499 historiae

71 1522 174 1545 sacrae.
193 1512 214 1554 †
232 1511 359 1544 Parisiis
379 1513 426 1544 16.
448 1512 522 1553 Maj.
545 1512 631 1544 1739.

391 1625 427 1654 In
445 1624 588 1654 restituta
610 1624 770 1654 societate.

149 1684 302 1718 Frane.
338 1684 448 1718 XaV.
481 1684 672 1724 Patr-izi,
705 1688 770 1716 nat.
804 1684 914 1716 Romae
944 1685 991 1716 19.
1018 1684 1092 1716 Jun.

71 1729 158 1767 1797,
176 1728 253 1770 ingr.
272 1729 319 1760 12.
339 1729 418 1760 Nov.
438 1729 515 1760 1814
531 1728 660 1770 (Rom).
694 1729 754 1760 Per
770 1728 885 1760 multos
903 1739 1001 1760 annos
1017 1739 1094 1770 prae-

69 1772 150 1806 clare
176 1772 284 1805 docuit
309 1772 471 1805 scientiam
499 1783 655 1805 sacrarum
681 1773 913 1814 Scripturarum
941 1777 1009 1805 tum
1035 1774 1094 1806 Lo-

69 1817 166 1856 vanii,
184 1820 252 1849 tum
270 1817 379 1849 Romae
396 1821 428 1849 et
445 1817 544 1849 edidit
562 1817 801 1850 commentarios
818 1817 850 1849 in
868 1827 970 1850 sacros
988 1817 1092 1851 libros.

69 1862 89 1904 †
107 1862 216 1895 Rornae
232 1862 280 1894 23.
298 1861 373 1904 Apr.
393 1862 480 1894 1881.

148 1916 328 1953 Rudolphus
359 1916 497 1952 corneus,
531 1915 577 1947 19.
607 1915 681 1956 Apr.
717 1916 795 1947 1830
827 1919 921 1947 natus
950 1915 1093 1957 Breyelii,

68 1959 145 2002 ingr.
168 1959 214 1992 15.
232 1959 301 1991 Oct.
330 1959 421 1997 1852;
449 1959 572 1991 studuit
590 1959 703 2001 linguis
723 1960 925 1992 orientalibus
946 1960 977 1991 in
993 1960 1093 2001 Syria,

128 2007 216 2046 ypto,
230 2003 366 2042 Parisiis,
382 2003 552 2045 explicavit
565 2004 594 2036 S.
606 2004 799 2046 Scripturam
810 2004 916 2036 Mariae
927 2004 967 2036 ad
978 2005 1094 2037 Lacum

69 2052 102 2081 et
132 2049 240 2081 Romae
274 2048 467 2090 (1868—89),
502 2048 650 2080 incitavit
683 2049 781 2081 socios
814 2049 854 2081 ad
886 2049 1093 2087 scribendum,

68 2103 139 2125 cum
164 2092 232 2135 ipso
257 2102 382 2125 suasore
407 2096 440 2125 et
464 2096 666 2135 cooperatore
689 2093 738 2125 edi
773 2093 869 2135 coepti
904 2097 978 2125 sunt
1013 2104 1094 2126 com-

67 2137 213 2169 mentarii
235 2136 383 2179 periodici
410 2137 583 2176 „Stimmen
610 2148 665 2170 aus
687 2138 928 2170 Maria-Laach“
957 2142 989 2170 et
1015 2138 1094 2177 „Die

67 2181 155 2214 kath.
175 2181 374 2220 Missionen‘z
394 2181 527 2223 scriptor
555 2182 693 2223 optimus
714 2186 747 2215 et
766 2182 948 2220 indefessus,
971 2183 1020 2215 cui
1042 2183 1094 2215 de-

68 2226 183 2259 bentur
207 2225 425 2265 „Introductio
446 2226 479 2258 in
500 2227 530 2258 S.
553 2226 771 2268 Scripturam“
789 2227 866 2259 1897
883 2231 915 2259 et
935 2227 987 2259 alii
1012 2237 1093 2259 com-

68 2270 214 2303 mentarii
229 2270 262 2302 in
274 2270 392 2309 „Cursu
403 2270 433 2303 S.
444 2270 643 2313 Scripturae“.
678 2271 698 2312 †
715 2271 849 2303 Treviris
859 2272 887 2304 3.
899 2271 992 2304 Mart.
1005 2272 1092 2304 1908.

151 2325 304 2361 Josephus
328 2325 565 2362 Knabenbauer,
590 2328 655 2356 nat.
678 2324 900 2367 Deggendorfii
925 2326 972 2357 19.
999 2326 1091 2358 Mart.

69 2368 156 2407 1839,
170 2367 323 2400 admissus
336 2369 383 2400 27.
397 2368 482 2410 Sept.
497 2369 588 2407 1857;
602 2368 641 2400 ab
655 2379 737 2401 anno
750 2370 827 2401 1873
839 2369 936 2402 lector
948 2370 977 2402 S.
991 2370 1093 2411 Scrip-

69 2416 148 2445 turae
165 2412 241 2454 (uno
260 2422 343 2444 anno
362 2413 506 2454 excepto)
525 2423 623 2455 usque
642 2413 682 2445 ad
700 2417 843 2446 mortem.
881 2414 998 2446 Praeter
1015 2414 1093 2446 mul-

67 2460 117 2489 tas
150 2456 429 2489 commentationes
461 2457 494 2489 in
528 2457 701 2496 „Stimmen
735 2468 790 2490 aus
822 2458 1090 2498 Maria-Laach“,

67 2501 192 2543 scripsit
212 2505 244 2533 et
264 2500 364 2533 edidit
384 2501 623 2534 commentarios
643 2501 676 2534 in
696 2502 749 2534 lib.
771 2502 844 2541 Job,
865 2502 898 2535 in
919 2503 1092 2544 Prophetas

67 2545 211 2584 minores
244 2545 277 2577 in
311 2546 436 2584 Isaiam‚
469 2546 648 2585 Jeremiam,
681 2546 884 2585 Ezechielem,
918 2547 1090 2586 Danielem,

67 2590 202 2628 Baruch,
220 2589 253 2622 in
270 2590 289 2621 4
306 2590 478 2632 Evangelia
495 2594 527 2622 et
536 2590 648 2629 Actus;
667 2591 885 2623 commentarii
902 2591 934 2623 in
951 2592 1091 2625 Psalmos

67 2637 101 2667 et
122 2634 162 2667 ad
185 2634 480 2673 Thessalonicenses,
511 2645 588 2677 quos
610 2635 744 2667 moriens
767 2635 926 2668 absolutos
956 2636 1090 2678 reliquit,

67 2679 223 2721 prodeunt
243 2679 390 2721 postumi.
429 2679 449 2721 †
469 2679 605 2721 Trajecti
626 2680 667 2712 ad
687 2679 807 2712 Mosam
829 2681 876 2713 12.
900 2681 980 2713 Nov.
1003 2682 1090 2714 1911.

359 2801 394 2827 o.
418 2793 503 2826 Jus
528 2794 795 2828 canonicum.

145 2864 261 2895 Paulus
289 2864 448 2901 Laymann
475 2863 560 2904 (vide
587 2863 684 2896 Theol
710 2864 812 2906 mon).

146 2916 290 2947 Ernricus
316 2918 532 2956 (Ehrenreich)
560 2918 696 2954 Pirhing,
721 2921 814 2950 natus
840 2918 887 2950 12.
913 2917 987 2959 Apr.
1012 2918 1090 2950 1606

66 2959 179 3001 Sigcrti
194 2959 227 2992 in
246 2960 390 2999 Bavaria‚
409 2960 538 2993 ultimus
556 2961 694 3003 antiquae
711 2961 826 3004 stirpis,
845 2962 957 2994 studiis
975 2962 1089 2994 utrius-

68 3013 127 3045 que
145 3003 223 3045 juris
243 3004 327 3037 omni
346 3015 416 3038 cum
435 3005 528 3038 laude
546 3005 708 3045 absolutis,
727 3006 915 3040 Societatem
934 3006 1089 3048 ingressus

548 3093 607 3127 621

1147 359 1195 388 est
1223 356 1270 388 24.
1299 356 1392 387 Mart.
1423 355 1509 387 1628.
1565 353 1683 386 Docuit
1708 352 1947 394 philosophiam,
1977 350 2163 392 theologiam

1146 400 1295 432 moralem
1321 404 1353 432 et
1376 399 1426 441 jus
1451 399 1633 431 canonicum
1658 397 1800 439 Dilingae,
1826 397 1902 428 item
1927 405 2046 428 sacram
2070 395 2164 427 inter-

1145 448 1288 486 pretatus
1305 448 1352 476 est
1362 444 1554 485 Scripturam
1571 447 1604 475 et
1619 443 1658 474 10
1674 442 1762 474 annis
1778 440 1923 482 Eystadii
1939 439 2163 472 concionatoris

1147 488 1250 520 officio
1271 489 1408 526 functus,
1431 488 1519 529 cujus
1538 487 1711 519 maximum
1733 496 1810 527 opus
1831 489 1878 517 est
1898 488 2001 516 tomus
2022 484 2054 516 in
2075 483 2162 515 folio:

1147 533 1226 572 „Jus
1250 532 1465 565 canonicum“.
1511 532 1530 574 †
1554 532 1601 564 15.
1625 531 1710 572 Sept.
1734 531 1821 562 1679.

1226 585 1333 617 Petrus
1352 585 1528 623 Leurenius,
1549 585 1596 616 13.
1616 584 1695 625 Aug.
1716 584 1793 615 1646
1812 581 1945 615 Coloniae
1963 584 2066 619 natus,
2085 581 2163 622 ingr.

1145 629 1279 661 Treviris
1304 629 1350 661 13.
1376 630 1450 670 Apr.
1476 629 1563 668 1663,
1588 628 1720 660 Coloniae
1742 627 1839 660 lector
1862 630 1930 659 erat
1951 625 2163 667 philosophiae,

1145 673 1332 711 matheseos,
1351 673 1514 715 theologiae
1531 672 1722 705 scholasticae
1739 676 1772 705 et
1788 671 1864 713 juris
1883 670 2031 703 canonici.
2050 670 2069 711 †
2087 670 2165 702 Con-

1145 718 1285 750 fluentiae
1310 718 1356 750 16.
1384 718 1464 750 Nov.
1490 718 1578 749 1723.

1222 771 1385 802 Hunoldus
1417 770 1658 811 Plettenberyiua
1691 768 1879 807 Guestfalus,
1911 771 1976 800 nat.
2009 767 2056 799 20.
2088 767 2163 808 Maj.

1144 815 1231 853 1632,
1254 815 1406 847 admissus
1426 815 1474 847 30.
1496 815 1570 847 Jun.
1592 814 1678 851 1658,
1699 818 1793 845 notus
1813 812 1975 845 canonista
1994 811 2096 844 saeculi
2116 812 2163 843 17.

1142 860 1162 901 †
1184 859 1316 891 Hildesii
1337 861 1384 891 12.
1407 863 1463 891 aut
1484 860 1532 891 23.
1556 859 1619 891 Jul.
1643 859 1730 890 1696.

1227 913 1361 943 Jacobus
1382 914 1545 951 Wiestner,
1566 915 1660 943 natus
1682 911 1729 943 28.
1752 911 1844 942 Mart.
1868 911 1946 942 1640
1966 909 2162 947 Feldkirchii,

1143 956 1296 988 admissus
1312 957 1340 988 4.
1356 956 1436 998 Aug.
1454 957 1540 994 1659,
1557 957 1596 987 20
1611 955 1700 987 annis
1717 954 1901 997 Ingolstadii
1915 954 1964 996 jus
1981 954 2163 986 canonicum

1143 1001 1260 1039 docuit,
1278 1004 1310 1032 et
1327 1011 1397 1032 cum
1414 1011 1496 1033 anno
1513 1001 1591 1032 1770
1606 999 1805 1032 Monachium
1822 1010 1854 1031 se
1870 998 2043 1040 recepisset,
2061 998 2164 1030 elabo-

1142 1045 1227 1077 ravit
1250 1055 1344 1086 opera
1367 1045 1469 1087 digna,
1502 1055 1570 1087 quae
1593 1044 1643 1076 vel
1666 1044 1705 1076 ab
1728 1043 1795 1085 ipso
1819 1043 1988 1075 Benedicto
2011 1042 2098 1074 XIV.
2123 1042 2163 1074 ci-

1142 1093 1258 1121 tentur.
1295 1089 1396 1131 Ipsius
1421 1090 1498 1128 „Jus
1523 1088 1728 1121 canonicum“
1751 1088 1784 1120 in
1804 1088 1822 1120 5
1839 1087 2049 1120 voluminibus
2072 1087 2163 1128 prod-

1143 1134 1184 1166 iit
1205 1134 1292 1165 1705.
1333 1134 1352 1175 †
1373 1134 1419 1166 19.
1443 1134 1522 1166 Nov.
1544 1134 1631 1166 1709.

1221 1186 1373 1227 <Iosephus
1393 1186 1506 1228 Voqler,
1525 1190 1619 1218 natus
1636 1186 1683 1218 24.
1702 1185 1775 1217 Feb.
1794 1186 1871 1217 1661
1888 1184 2048 1226 Maringiae
2064 1184 2164 1225 (Mah-

1141 1230 1262 1272 ringen)
1283 1230 1315 1262 in
1337 1231 1460 1269 Suevia,
1483 1231 1560 1272 ingr.
1585 1232 1611 1262 7.
1634 1230 1719 1272 Sept.
1742 1230 1829 1268 1676,
1852 1229 1960 1261 docuit
1982 1228 2164 1270 Ingolstadji

1141 1279 1174 1307 et
1208 1275 1365 1307 Monachii
1400 1275 1597 1313 rhetoricam,
1633 1274 1861 1316 philosophiam
1898 1278 1930 1306 et
1965 1273 2162 1315 theologiam.

1140 1320 1159 1361 †
1178 1320 1226 1351 23.
1247 1320 1322 1351 Jun.
1344 1320 1431 1351 1708.

1219 1372 1480 1405 Franciscus
1511 1371 1908 1413 Sehmalzgrueber,
1937 1371 1964 1403 9.
1995 1371 2063 1403 Oct.
2087 1371 2164 1402 1663

1140 1416 1331 1449 Griesbachii
1371 1420 1474 1454 natus,
1517 1416 1549 1448 in
1590 1416 1620 1448 S.
1658 1416 1687 1448 J.
1724 1419 1866 1457 receptus
1903 1416 1929 1447 2.
1968 1415 2036 1447 Oct.
2076 1416 2162 1453 1679,

1139 1461 1236 1493 lector
1259 1461 1335 1502 juris
1360 1461 1501 1493 canonici
1527 1460 1710 1502 ingolstadii
1735 1464 1767 1492 et
1789 1459 1931 1502 Dilingae.
1979 1459 2163 1492 Etiamnum

1141 1506 1249 1537 Romae
1264 1505 1476 1547 principatum
1493 1505 1575 1537 inter
1590 1509 1732 1537 auctores
1749 1504 1880 1537 obtinet.
1897 1504 1916 1546 †
1933 1506 1959 1536 7.
1978 1504 2057 1536 Nov.
2076 1504 2162 1536 1735.

1217 1557 1315 1590 Guido
1335 1558 1463 1597 Pichler,
1483 1562 1577 1590 natus
1594 1559 1641 1590 24.
1660 1558 1735 1599 Maj.
1755 1558 1833 1589 1670
1850 1557 1882 1589 in
1900 1557 2163 1599 Grossberghofen

1139 1602 1241 1644 (dioec.
1264 1602 1490 1644 Frisingensis),
1513 1603 1590 1645 ingr.
1614 1602 1756 1635 sacerdos
1777 1602 1825 1634 28.
1842 1602 1927 1643 Sept.
1947 1602 2033 1640 1696,
2057 1601 2165 1634 docuit

1138 1647 1188 1688 jus
1213 1647 1396 1679 canonicum
1422 1647 1556 1689 Dilingae
1580 1651 1612 1679 et
1637 1646 1830 1688 Ingolstadii,
1857 1650 1966 1688 postea
1991 1646 2067 1678 1731
2094 1656 2164 1688 ope-

1138 1691 1237 1723 rarius
1257 1691 1423 1730 Monachii,
1446 1692 1498 1724 ubi
1518 1692 1537 1733 †
1558 1692 1605 1723 15.
1626 1691 1700 1724 Feb.
1723 1691 1809 1723 1736.

1217 1744 1369 1785 Josephus
1402 1744 1505 1783 Bam,
1537 1744 1694 1786 Gluringae
1724 1744 1756 1776 in
1787 1743 1922 1776 Vallesia
1952 1744 2029 1776 1697
2060 1747 2162 1781 natus,

1140 1789 1216 1820 1715
1240 1788 1328 1830 ingr.,
1354 1789 1442 1821 annis
1460 1790 1496 1821 11
1519 1789 1627 1821 docuit
1648 1788 1877 1830 philosophiam
1902 1792 1934 1820 et
1957 1788 2051 1820 theol.
2076 1788 2163 1820 scho-

1139 1833 1291 1871 lasticam,
1320 1833 1392 1865 dein
1433 1844 1487 1875 per
1514 1834 1552 1865 16
1579 1843 1677 1866 annos
1703 1833 1753 1874 jus
1780 1833 1963 1865 canonicum
1991 1832 2162 1874 OEniponti,

1139 1877 1282 1920 Dilingae‚
1304 1878 1480 1920 Ambcrgae3
1510 1878 1530 1920 †
1560 1877 1769 1920 Rottenburgi
1798 1878 1845 1910 24.
1875 1877 1968 1910 Mart.
1999 1878 2086 1909 1766.

1219 1931 1350 1963 ι1116011115
1381 1931 1536 1964 Antonius
1564 1931 1726 1972 Zallinqer,
1764 1930 1893 1962 Bolzani
1924 1934 1989 1962 nat.
2020 1931 2068 1962 26.
2099 1930 2161 1962 Jul.

1141 1976 1227 2013 1735,
1250 1976 1403 2008 admissus
1423 1976 1451 2008 9.
1473 1976 1543 2008 Oct.
1566 1976 1652 2013 1753,
1674 1976 1751 2007 1773
1771 1975 1887 2007 Rector
1906 1974 2096 2007 constitutus
2116 1978 2164 2006 est

1140 2020 1234 2061 Lycei
1253 2020 1292 2052 ad
1310 2020 1340 2052 S.
1361 2019 1534 2052 Salvatoris
1552 2021 1701 2062 Augustae
1719 2019 1958 2057 Vindelicorum,
1979 2019 2031 2051 ubi
2050 2029 2164 2060 magna

1140 2075 1211 2096 cum
1239 2064 1331 2096 laude
1358 2075 1414 2106 per
1441 2066 1480 2096 20
1508 2075 1606 2097 annos
1634 2064 1768 2097 docebat
1794 2064 1844 2105 jus
1872 2063 2055 2096 canonicum
2083 2063 2164 2095 sicut

1140 2113 1234 2141 antea
1257 2109 1423 2147 Monachii,
1449 2109 1598 2148 Tridenti,
1624 2108 1767 2151 Dfflngae,
1792 2108 1963 2150 OEniponti.
1988 2108 2008 2150 †
2031 2108 2062 2140 in
2088 2107 2163 2140 urbe

1140 2153 1244 2195 patria
1271 2154 1317 2185 11.
1346 2154 1418 2186 Jan.
1448 2155 1534 2186 1813.

1139 2251 1167 2284 f.
1191 2250 1392 2284 Biston-la
1413 2251 1709 2284 ecclesiastiea
1732 2250 1912 2293 ejusque
1936 2249 2131 2283 scientim

1530 2295 1782 2328 auxiliares.

1220 2366 1394 2396 Frontonus
1421 2366 1462 2396 du
1491 2367 1569 2403 Due,
1598 2368 1663 2397 nat.
1693 2365 1770 2396 1558
1799 2363 1984 2406 Burdigalae,
2014 2365 2061 2396 12.
2091 2364 2160 2396 Oct.

1141 2408 1217 2440 1577
1230 2408 1319 2450 ingr.,
1335 2409 1374 2441 ab
1389 2419 1416 2441 a.
1431 2410 1508 2441 1578
1521 2410 1540 2441 8
1553 2409 1642 2441 annis
1655 2409 1842 2441 rhetoricam
1855 2408 1972 2447 docuit,
1988 2409 2004 2439 7
2017 2408 2047 2440 S.
2061 2408 2163 2450 Scrip-

1140 2456 1242 2484 turam
1274 2453 1499 2495 interpretatus
1530 2458 1585 2486 est.
1645 2449 1854 2486 Peritissimus
1885 2456 1953 2484 erat
1982 2456 2162 2485 sanctorum

1138 2497 1269 2529 Patrum
1306 2501 1338 2529 et
1373 2498 1513 2539 apprime
1557 2508 1671 2540 gnarus
1717 2497 1944 2539 antiquitatum
1980 2497 2163 2529 ecclesiasti—

1139 2551 1254 2574 carum.
1278 2542 1297 2584 '1-
1319 2542 1446 2574 Parisiis
1469 2543 1517 2574 25.
1541 2543 1626 2584 Sept.
1651 2543 1738 2574 1624.

1222 2596 1357 2627 Jacobus
1377 2598 1536 2628 Gretserus
1556 2595 1640 2636 (vide
1661 2594 1755 2627 theol.
1777 2594 1913 2636 polem.).
1935 2594 1955 2636 †
1975 2595 2062 2627 1625.

1220 2647 1381 2680 Balthasar
1399 2647 1546 2680 Gorderus
1564 2648 1725 2690 (Cordier),
1744 2647 1925 2689 Antverpiae
1943 2649 1970 2680 7.
1990 2648 2064 2680 Jun.
2085 2648 2161 2680 1592

1138 2695 1240 2730 natus,
1264 2692 1311 2724 31.
1336 2692 1408 2724 Jan.
1432 2693 1510 2724 1612
1531 2692 1565 2725 111
1586 2693 1617 2725 S.
1641 2692 1682 2731 J„
1706 2692 1823 2734 optime
1846 2692 1961 2724 meruit
1981 2692 2020 2724 de
2042 2693 2161 2734 exegesi

1137 2740 1169 2768 et
1187 2736 1318 2768 scientia
1336 2736 1502 2777 patristica,
1523 2737 1631 2769 docuit
1648 2737 1666 2768 8
1686 2736 1775 2769 annis
1794 2736 1982 2778 theologiam
2001 2736 2160 2775 moralem,

1137 2780 1208 2813 dein
1233 2781 1263 2814 S.
1289 2781 1483 2823 Scripturam
1500 2781 1702 2814 Vindobonae.
1727 2781 1747 2823 †
1770 2780 1803 2813 in
1829 2780 1941 2813 itinere
1966 2791 2074 2813 versus
2099 2781 2161 2814 Ro-

1136 2835 1221 2857 mam
1242 2826 1290 2857 24.
1312 2825 1387 2857 Jun.
1410 2826 1497 2858 1650.

1215 2877 1410 2910 Jacobus
1443 2877 1715 2917 Sil-mondus,
1746 2878 1851 2910 Riomi
1879 2878 1912 2910 in
1939 2878 2042 2911 Gallia
2067 2882 2160 2911 natus

1136 2921 1223 2960 1559,
1247 2921 1400 2953 admissus
1422 2922 1469 2954 26.
1493 2922 1558 2954 Jul.
1582 2922 1668 2961 1576,
1692 2922 1800 2955 docuit
1819 2922 1941 2955 litteras
1963 2922 2160 2955 humaniores

1135 2965 1261 2998 Parisiis
1284 2966 1451 3004 auditores,
1476 2965 1507 2998 in
1532 2966 1644 3008 quibus
1667 2970 1735 2999 erat
1756 2967 1787 2999 S.
1810 2967 1993 2999 Franciscus
2015 2966 2158 3006 Salesius,

1136 3020 1197 3052 quo
1225 3014 1365 3052 tempore
1391 3010 1552 3043 classicum
1578 3011 1728 3044 sermonis
1752 3022 1849 3054 genus
1869 3011 1928 3044 sibi
1954 3011 2159 3054 comparavit.

1619 3099 1678 3133 622
