<?xml version="1.0" encoding="UTF-8"?>
<!DOCTYPE html PUBLIC "-//W3C//DTD XHTML 1.0 Transitional//EN"
    "http://www.w3.org/TR/xhtml1/DTD/xhtml1-transitional.dtd">
<html xmlns="http://www.w3.org/1999/xhtml" xml:lang="en" lang="en">
 <head>
  <title>
</title>
<meta http-equiv="Content-Type" content="text/html;charset=utf-8" />
  <meta name='ocr-system' content='tesseract 3.04.00' />
  <meta name='ocr-capabilities' content='ocr_page ocr_carea ocr_par ocr_line ocrx_word'/>
</head>
<body>
  <div class='ocr_page' id='page_1' title='image "./synopsishistoria00wern_0117.png"; bbox 0 0 2372 3550; ppageno 0'>
   <div class='ocr_carea' id='block_1_1' title="bbox 82 277 2154 292">
    <p class='ocr_par' dir='ltr' id='par_1_1' title="bbox 82 277 2154 292">
     <span class='ocr_line' id='line_1_1' title="bbox 82 277 2154 292; baseline 0 0"><span class='ocrx_word' id='word_1_1' title='bbox 82 277 2154 292; x_wconf 95' lang='lat' dir='ltr'> </span> 
     </span>
    </p>
   </div>
   <div class='ocr_carea' id='block_1_2' title="bbox 200 324 411 355">
    <p class='ocr_par' dir='ltr' id='par_1_2' title="bbox 200 324 411 355">
     <span class='ocr_line' id='line_1_2' title="bbox 200 324 411 355; baseline -0.005 0"><span class='ocrx_word' id='word_1_2' title='bbox 200 325 305 355; x_wconf 81' lang='lat' dir='ltr'>Patres</span> <span class='ocrx_word' id='word_1_3' title='bbox 328 324 411 354; x_wconf 84' lang='lat' dir='ltr'>Fidei</span> 
     </span>
    </p>
   </div>
   <div class='ocr_carea' id='block_1_3' title="bbox 708 323 1988 358">
    <p class='ocr_par' dir='ltr' id='par_1_3' title="bbox 708 323 1988 358">
     <span class='ocr_line' id='line_1_3' title="bbox 708 323 1988 358; baseline 0.002 -6"><span class='ocrx_word' id='word_1_4' title='bbox 708 323 873 353; x_wconf 84' lang='lat' dir='ltr'>Germania</span> <span class='ocrx_word' id='word_1_5' title='bbox 1222 323 1334 358; x_wconf 82' lang='lat' dir='ltr'>Anglia</span> <span class='ocrx_word' id='word_1_6' title='bbox 1693 324 1853 354; x_wconf 86' lang='lat' dir='ltr'>Missiones</span> <span class='ocrx_word' id='word_1_7' title='bbox 1874 325 1988 355; x_wconf 83' lang='lat' dir='ltr'>exterae</span> 
     </span>
    </p>
   </div>
   <div class='ocr_carea' id='block_1_4' title="bbox 72 387 2154 402">
    <p class='ocr_par' dir='ltr' id='par_1_4' title="bbox 72 387 2154 402">
     <span class='ocr_line' id='line_1_4' title="bbox 72 387 2154 402; baseline 0 0"><span class='ocrx_word' id='word_1_8' title='bbox 72 387 2154 402; x_wconf 95' lang='lat' dir='ltr'> </span> 
     </span>
    </p>
   </div>
   <div class='ocr_carea' id='block_1_5' title="bbox 72 394 2154 409">
    <p class='ocr_par' dir='ltr' id='par_1_5' title="bbox 72 394 2154 409">
     <span class='ocr_line' id='line_1_5' title="bbox 72 394 2154 409; baseline 0 0"><span class='ocrx_word' id='word_1_9' title='bbox 72 394 2154 409; x_wconf 95' lang='lat' dir='ltr'> </span> 
     </span>
    </p>
   </div>
   <div class='ocr_carea' id='block_1_6' title="bbox 67 450 532 615">
    <p class='ocr_par' dir='ltr' id='par_1_6' title="bbox 67 450 532 615">
     <span class='ocr_line' id='line_1_6' title="bbox 67 450 532 483; baseline -0.006 0"><span class='ocrx_word' id='word_1_10' title='bbox 67 451 254 483; x_wconf 79' lang='lat' dir='ltr'>Societatem</span> <span class='ocrx_word' id='word_1_11' title='bbox 288 451 415 480; x_wconf 81' lang='lat' dir='ltr'>Patrum</span> <span class='ocrx_word' id='word_1_12' title='bbox 450 450 532 480; x_wconf 81' lang='lat' dir='ltr'>Fidei</span> 
     </span>
     <span class='ocr_line' id='line_1_7' title="bbox 86 493 530 535; baseline -0.005 -8"><span class='ocrx_word' id='word_1_13' title='bbox 86 495 190 527; x_wconf 81' lang='lat' dir='ltr'>Romae</span> <span class='ocrx_word' id='word_1_14' title='bbox 216 493 355 525; x_wconf 78' lang='lat' dir='ltr'>condidit</span> <span class='ocrx_word' id='word_1_15' title='bbox 382 494 428 525; x_wconf 83' lang='lat'>15.</span> <span class='ocrx_word' id='word_1_16' title='bbox 451 493 530 535; x_wconf 89' lang='lat' dir='ltr'>Aug.</span> 
     </span>
     <span class='ocr_line' id='line_1_8' title="bbox 88 538 530 576; baseline -0.005 -5"><span class='ocrx_word' id='word_1_17' title='bbox 88 540 165 571; x_wconf 88' lang='lat'>1797</span> <span class='ocrx_word' id='word_1_18' title='bbox 186 538 330 570; x_wconf 86' lang='lat' dir='ltr'>Nicolaus</span> <span class='ocrx_word' id='word_1_19' title='bbox 351 538 530 576; x_wconf 84' lang='lat' dir='ltr'>Paccanari,</span> 
     </span>
     <span class='ocr_line' id='line_1_9' title="bbox 87 582 409 615; baseline -0.006 0"><span class='ocrx_word' id='word_1_20' title='bbox 87 583 182 615; x_wconf 86' lang='lat' dir='ltr'>laicus</span> <span class='ocrx_word' id='word_1_21' title='bbox 200 582 409 614; x_wconf 78' lang='lat' dir='ltr'>Tridentinus.</span> 
     </span>
    </p>
   </div>
   <div class='ocr_carea' id='block_1_7' title="bbox 1051 448 2158 669">
    <p class='ocr_par' dir='ltr' id='par_1_7' title="bbox 1051 448 2158 580">
     <span class='ocr_line' id='line_1_10' title="bbox 1051 448 2157 492; baseline 0.005 -14"><span class='ocrx_word' id='word_1_22' title='bbox 1051 448 1099 479; x_wconf 87' lang='lat'>27.</span> <span class='ocrx_word' id='word_1_23' title='bbox 1115 448 1200 489; x_wconf 83' lang='lat' dir='ltr'><strong>Sept.</strong></span> <span class='ocrx_word' id='word_1_24' title='bbox 1217 449 1294 480; x_wconf 89' lang='lat'>1803</span> <span class='ocrx_word' id='word_1_25' title='bbox 1315 449 1452 490; x_wconf 87' lang='lat' dir='ltr'>aperitur</span> <span class='ocrx_word' id='word_1_26' title='bbox 1471 450 1503 482; x_wconf 90' lang='lat' dir='ltr'>in</span> <span class='ocrx_word' id='word_1_27' title='bbox 1538 450 1615 481; x_wconf 90' lang='lat'>1803</span> <span class='ocrx_word' id='word_1_28' title='bbox 1634 450 1806 491; x_wconf 82' lang='lat' dir='ltr'>Exjesuitae</span> <span class='ocrx_word' id='word_1_29' title='bbox 1825 452 1862 483; x_wconf 89' lang='lat'>11</span> <span class='ocrx_word' id='word_1_30' title='bbox 1882 450 2085 492; x_wconf 80' lang='lat' dir='ltr'>Marylandiae</span> <span class='ocrx_word' id='word_1_31' title='bbox 2103 451 2157 484; x_wconf 89' lang='lat' dir='ltr'>So-</span> 
     </span>
     <span class='ocr_line' id='line_1_11' title="bbox 1071 491 2156 534; baseline 0.006 -12"><span class='ocrx_word' id='word_1_32' title='bbox 1071 491 1192 523; x_wconf 78' lang='lat' dir='ltr'>Hodder</span> <span class='ocrx_word' id='word_1_33' title='bbox 1208 492 1326 534; x_wconf 87' lang='lat' dir='ltr'>Angliae</span> <span class='ocrx_word' id='word_1_34' title='bbox 1345 495 1422 531; x_wconf 89' lang='lat' dir='ltr'>pr.</span> <span class='ocrx_word' id='word_1_35' title='bbox 1439 504 1504 526; x_wconf 86' lang='lat' dir='ltr'>ma·</span> <span class='ocrx_word' id='word_1_36' title='bbox 1556 494 1663 526; x_wconf 86' lang='lat' dir='ltr'>oietati</span> <span class='ocrx_word' id='word_1_37' title='bbox 1693 495 1726 526; x_wconf 90' lang='lat' dir='ltr'>in</span> <span class='ocrx_word' id='word_1_38' title='bbox 1752 495 1865 527; x_wconf 87' lang='lat' dir='ltr'>Russia</span> <span class='ocrx_word' id='word_1_39' title='bbox 1892 505 2005 527; x_wconf 93' lang='lat' dir='ltr'>nomen</span> <span class='ocrx_word' id='word_1_40' title='bbox 2036 495 2156 534; x_wconf 88' lang='lat' dir='ltr'>dedere,</span> 
     </span>
     <span class='ocr_line' id='line_1_12' title="bbox 1071 536 2158 580; baseline 0.004 -12"><span class='ocrx_word' id='word_1_41' title='bbox 1071 536 1167 577; x_wconf 87' lang='lat' dir='ltr'>gistro</span> <span class='ocrx_word' id='word_1_42' title='bbox 1191 538 1297 568; x_wconf 84' lang='lat' dir='ltr'>carolo</span> <span class='ocrx_word' id='word_1_43' title='bbox 1319 539 1472 571; x_wconf 83' lang='lat' dir='ltr'>Plowden.</span> <span class='ocrx_word' id='word_1_44' title='bbox 1557 548 1633 580; x_wconf 91' lang='lat' dir='ltr'>quos</span> <span class='ocrx_word' id='word_1_45' title='bbox 1675 539 1801 571; x_wconf 82' lang='lat' dir='ltr'>admisit</span> <span class='ocrx_word' id='word_1_46' title='bbox 1841 539 1998 572; x_wconf 81' lang='lat' dir='ltr'>Generalis</span> <span class='ocrx_word' id='word_1_47' title='bbox 2038 540 2158 572; x_wconf 85' lang='lat' dir='ltr'>Gruber</span> 
     </span>
    </p>

    <p class='ocr_par' dir='ltr' id='par_1_8' title="bbox 1555 582 2157 669">
     <span class='ocr_line' id='line_1_13' title="bbox 1555 582 2157 625; baseline 0.003 -11"><span class='ocrx_word' id='word_1_48' title='bbox 1555 582 1667 614; x_wconf 89' lang='lat' dir='ltr'>litteris</span> <span class='ocrx_word' id='word_1_49' title='bbox 1692 583 1739 616; x_wconf 86' lang='lat'>13.</span> <span class='ocrx_word' id='word_1_50' title='bbox 1760 583 1852 615; x_wconf 87' lang='lat' dir='ltr'>Mart.</span> <span class='ocrx_word' id='word_1_51' title='bbox 1871 584 1949 615; x_wconf 87' lang='grc'>1804</span> <span class='ocrx_word' id='word_1_52' title='bbox 1969 584 2011 616; x_wconf 88' lang='lat' dir='ltr'>ad</span> <span class='ocrx_word' id='word_1_53' title='bbox 2030 584 2157 625; x_wconf 82' lang='lat' dir='ltr'>Episco-</span> 
     </span>
     <span class='ocr_line' id='line_1_14' title="bbox 1555 627 2156 669; baseline 0.003 -11"><span class='ocrx_word' id='word_1_54' title='bbox 1555 637 1630 668; x_wconf 89' lang='lat' dir='ltr'>pum</span> <span class='ocrx_word' id='word_1_55' title='bbox 1655 627 1771 659; x_wconf 91' lang='lat' dir='ltr'>Carroll</span> <span class='ocrx_word' id='word_1_56' title='bbox 1799 627 1890 666; x_wconf 85' lang='lat' dir='ltr'>datis,</span> <span class='ocrx_word' id='word_1_57' title='bbox 1917 638 1985 669; x_wconf 83' lang='lat' dir='ltr'>quae</span> <span class='ocrx_word' id='word_1_58' title='bbox 2012 628 2156 660; x_wconf 81' lang='lat' dir='ltr'>admissio</span> 
     </span>
    </p>
   </div>
   <div class='ocr_carea' id='block_1_8' title="bbox 72 668 2156 714">
    <p class='ocr_par' dir='ltr' id='par_1_9' title="bbox 72 668 2156 714">
     <span class='ocr_line' id='line_1_15' title="bbox 72 668 2156 714; baseline 0.001 -12"><span class='ocrx_word' id='word_1_59' title='bbox 72 671 131 709; x_wconf 82' lang='lat' dir='ltr'>Qui</span> <span class='ocrx_word' id='word_1_60' title='bbox 151 670 277 712; x_wconf 92' lang='lat' dir='ltr'>(unione</span> <span class='ocrx_word' id='word_1_61' title='bbox 297 680 367 702; x_wconf 88' lang='lat' dir='ltr'>cum</span> <span class='ocrx_word' id='word_1_62' title='bbox 386 670 454 702; x_wconf 88' lang='lat' dir='ltr'>Soc.</span> <span class='ocrx_word' id='word_1_63' title='bbox 476 670 528 702; x_wconf 88' lang='lat' dir='ltr'>SS.</span> <span class='ocrx_word' id='word_1_64' title='bbox 564 670 641 702; x_wconf 90' lang='lat'>1803</span> <span class='ocrx_word' id='word_1_65' title='bbox 673 669 931 711; x_wconf 89' lang='lat' dir='ltr'>Dusseldorpium</span> <span class='ocrx_word' id='word_1_66' title='bbox 965 670 1018 701; x_wconf 83' lang='lat' dir='ltr'>ad·</span> <span class='ocrx_word' id='word_1_67' title='bbox 1051 668 1100 701; x_wconf 79' lang='lat' dir='ltr'>Sic</span> <span class='ocrx_word' id='word_1_68' title='bbox 1126 669 1261 710; x_wconf 86' lang='lat' dir='ltr'>quodam</span> <span class='ocrx_word' id='word_1_69' title='bbox 1285 670 1378 702; x_wconf 90' lang='lat' dir='ltr'>modo</span> <span class='ocrx_word' id='word_1_70' title='bbox 1402 671 1504 712; x_wconf 86' lang='lat' dir='ltr'>prima</span> <span class='ocrx_word' id='word_1_71' title='bbox 1557 676 1663 703; x_wconf 86' lang='lat' dir='ltr'>tamen</span> <span class='ocrx_word' id='word_1_72' title='bbox 1688 682 1750 703; x_wconf 91' lang='lat' dir='ltr'>non</span> <span class='ocrx_word' id='word_1_73' title='bbox 1775 671 1902 704; x_wconf 86' lang='lat' dir='ltr'>valebat</span> <span class='ocrx_word' id='word_1_74' title='bbox 1926 672 1985 704; x_wconf 92' lang='lat' dir='ltr'>nisi</span> <span class='ocrx_word' id='word_1_75' title='bbox 2010 682 2065 714; x_wconf 90' lang='lat' dir='ltr'>pro</span> <span class='ocrx_word' id='word_1_76' title='bbox 2090 673 2156 705; x_wconf 82' lang='lat' dir='ltr'>foro</span> 
     </span>
    </p>
   </div>
   <div class='ocr_carea' id='block_1_9' title="bbox 86 714 536 1457">
    <p class='ocr_par' dir='ltr' id='par_1_10' title="bbox 86 714 536 1457">
     <span class='ocr_line' id='line_1_16' title="bbox 87 714 531 755; baseline -0.002 -8"><span class='ocrx_word' id='word_1_77' title='bbox 87 715 193 747; x_wconf 89' lang='lat' dir='ltr'>Cordis</span> <span class='ocrx_word' id='word_1_78' title='bbox 204 715 225 747; x_wconf 82' lang='lat' dir='ltr'>J</span> <span class='ocrx_word' id='word_1_79' title='bbox 227 725 279 746; x_wconf 87' lang='lat' dir='ltr'>esu</span> <span class='ocrx_word' id='word_1_80' title='bbox 290 714 388 755; x_wconf 84' lang='lat' dir='ltr'>facta)</span> <span class='ocrx_word' id='word_1_81' title='bbox 398 714 461 746; x_wconf 90' lang='lat' dir='ltr'>late</span> <span class='ocrx_word' id='word_1_82' title='bbox 472 714 531 746; x_wconf 83' lang='lat' dir='ltr'>dif-</span> 
     </span>
     <span class='ocr_line' id='line_1_17' title="bbox 87 758 531 797; baseline -0.002 -6"><span class='ocrx_word' id='word_1_83' title='bbox 87 759 301 791; x_wconf 79' lang='lat' dir='ltr'>fundebantur</span> <span class='ocrx_word' id='word_1_84' title='bbox 310 758 342 790; x_wconf 93' lang='lat' dir='ltr'>in</span> <span class='ocrx_word' id='word_1_85' title='bbox 350 758 369 790; x_wconf 95' lang='lat' dir='ltr'><em>I</em></span> <span class='ocrx_word' id='word_1_86' title='bbox 371 759 454 797; x_wconf 76' lang='lat' dir='ltr'>talia,</span> <span class='ocrx_word' id='word_1_87' title='bbox 462 758 531 790; x_wconf 79' lang='lat' dir='ltr'>Gal-</span> 
     </span>
     <span class='ocr_line' id='line_1_18' title="bbox 87 803 528 844; baseline -0.002 -8"><span class='ocrx_word' id='word_1_88' title='bbox 87 804 139 842; x_wconf 73' lang='lat' dir='ltr'>lia,</span> <span class='ocrx_word' id='word_1_89' title='bbox 185 803 357 841; x_wconf 75' lang='lat' dir='ltr'>Germania,</span> <span class='ocrx_word' id='word_1_90' title='bbox 405 803 528 844; x_wconf 71' lang='lat' dir='ltr'>Anylz&#39;a.</span> 
     </span>
     <span class='ocr_line' id='line_1_19' title="bbox 88 847 530 888; baseline -0.002 -8"><span class='ocrx_word' id='word_1_91' title='bbox 88 849 174 880; x_wconf 80' lang='lat' dir='ltr'>Inter</span> <span class='ocrx_word' id='word_1_92' title='bbox 197 857 248 879; x_wconf 91' lang='lat' dir='ltr'>eos</span> <span class='ocrx_word' id='word_1_93' title='bbox 272 851 361 879; x_wconf 85' lang='lat' dir='ltr'>erant</span> <span class='ocrx_word' id='word_1_94' title='bbox 383 847 530 888; x_wconf 82' lang='lat' dir='ltr'>praeeipui</span> 
     </span>
     <span class='ocr_line' id='line_1_20' title="bbox 86 891 530 933; baseline -0.002 -9"><span class='ocrx_word' id='word_1_95' title='bbox 86 893 192 924; x_wconf 89' lang='lat' dir='ltr'>Anton</span> <span class='ocrx_word' id='word_1_96' title='bbox 214 891 396 924; x_wconf 87' lang='lat' dir='ltr'>Kohlmann</span> <span class='ocrx_word' id='word_1_97' title='bbox 416 892 448 933; x_wconf 89' lang='lat'>(†</span> <span class='ocrx_word' id='word_1_98' title='bbox 468 892 530 923; x_wconf 87' lang='lat' dir='ltr'>Ro-</span> 
     </span>
     <span class='ocr_line' id='line_1_21' title="bbox 86 936 528 977; baseline -0.002 -9"><span class='ocrx_word' id='word_1_99' title='bbox 86 947 145 968; x_wconf 87' lang='lat' dir='ltr'>mae</span> <span class='ocrx_word' id='word_1_100' title='bbox 167 937 214 968; x_wconf 89' lang='lat'>10.</span> <span class='ocrx_word' id='word_1_101' title='bbox 237 936 312 977; x_wconf 90' lang='lat' dir='ltr'>Apr.</span> <span class='ocrx_word' id='word_1_102' title='bbox 336 936 437 977; x_wconf 83' lang='lat'>1836),</span> <span class='ocrx_word' id='word_1_103' title='bbox 462 936 528 968; x_wconf 90' lang='lat' dir='ltr'>Nic.</span> 
     </span>
     <span class='ocr_line' id='line_1_22' title="bbox 86 980 528 1022; baseline -0.005 -9"><span class='ocrx_word' id='word_1_104' title='bbox 86 981 225 1013; x_wconf 88' lang='lat' dir='ltr'>Godinot</span> <span class='ocrx_word' id='word_1_105' title='bbox 240 981 272 1022; x_wconf 87' lang='lat'>(†</span> <span class='ocrx_word' id='word_1_106' title='bbox 282 981 329 1012; x_wconf 88' lang='lat'>26.</span> <span class='ocrx_word' id='word_1_107' title='bbox 341 980 415 1022; x_wconf 81' lang='lat' dir='ltr'>Maj.</span> <span class='ocrx_word' id='word_1_108' title='bbox 429 981 528 1021; x_wconf 84' lang='lat'>1842),</span> 
     </span>
     <span class='ocr_line' id='line_1_23' title="bbox 87 1024 528 1066; baseline -0.005 -8"><span class='ocrx_word' id='word_1_109' title='bbox 87 1026 154 1058; x_wconf 89' lang='lat' dir='ltr'>Car.</span> <span class='ocrx_word' id='word_1_110' title='bbox 182 1025 248 1057; x_wconf 74' lang='lat' dir='ltr'>Jos</span> <span class='ocrx_word' id='word_1_111' title='bbox 276 1024 396 1057; x_wconf 87' lang='lat' dir='ltr'>Gloriot</span> <span class='ocrx_word' id='word_1_112' title='bbox 422 1025 454 1066; x_wconf 88' lang='lat'>(†</span> <span class='ocrx_word' id='word_1_113' title='bbox 482 1025 528 1057; x_wconf 88' lang='lat'>18.</span> 
     </span>
     <span class='ocr_line' id='line_1_24' title="bbox 86 1069 531 1111; baseline -0.002 -9"><span class='ocrx_word' id='word_1_114' title='bbox 86 1070 160 1102; x_wconf 88' lang='lat' dir='ltr'>Feb.</span> <span class='ocrx_word' id='word_1_115' title='bbox 181 1069 281 1111; x_wconf 89' lang='lat'>1844),</span> <span class='ocrx_word' id='word_1_116' title='bbox 300 1069 350 1101; x_wconf 81' lang='lat' dir='ltr'>Jo.</span> <span class='ocrx_word' id='word_1_117' title='bbox 369 1069 448 1101; x_wconf 90' lang='lat' dir='ltr'>Lud.</span> <span class='ocrx_word' id='word_1_118' title='bbox 469 1070 531 1101; x_wconf 88' lang='lat' dir='ltr'>Ro-</span> 
     </span>
     <span class='ocr_line' id='line_1_25' title="bbox 87 1113 528 1155; baseline 0 -9"><span class='ocrx_word' id='word_1_119' title='bbox 87 1124 184 1146; x_wconf 86' lang='lat' dir='ltr'>zaven</span> <span class='ocrx_word' id='word_1_120' title='bbox 202 1114 240 1145; x_wconf 93' lang='lat' dir='ltr'>de</span> <span class='ocrx_word' id='word_1_121' title='bbox 257 1113 434 1155; x_wconf 83' lang='lat' dir='ltr'>Leissegues</span> <span class='ocrx_word' id='word_1_122' title='bbox 452 1113 484 1155; x_wconf 82' lang='lat'>(†</span> <span class='ocrx_word' id='word_1_123' title='bbox 501 1115 528 1146; x_wconf 85' lang='lat'>2.</span> 
     </span>
     <span class='ocr_line' id='line_1_26' title="bbox 86 1157 529 1200; baseline 0 -10"><span class='ocrx_word' id='word_1_124' title='bbox 86 1159 161 1200; x_wconf 90' lang='lat' dir='ltr'>Apr.</span> <span class='ocrx_word' id='word_1_125' title='bbox 195 1158 271 1190; x_wconf 90' lang='grc'>1851</span> <span class='ocrx_word' id='word_1_126' title='bbox 306 1161 343 1189; x_wconf 87' lang='grc'>111</span> <span class='ocrx_word' id='word_1_127' title='bbox 374 1157 529 1190; x_wconf 84' lang='lat' dir='ltr'>Assistens</span> 
     </span>
     <span class='ocr_line' id='line_1_27' title="bbox 86 1201 532 1244; baseline -0.002 -9"><span class='ocrx_word' id='word_1_128' title='bbox 86 1202 216 1244; x_wconf 73' lang='lat' dir='ltr'>Galliae),</span> <span class='ocrx_word' id='word_1_129' title='bbox 242 1202 307 1234; x_wconf 84' lang='lat' dir='ltr'>Jos.</span> <span class='ocrx_word' id='word_1_130' title='bbox 333 1201 425 1234; x_wconf 90' lang='lat' dir='ltr'>Sineo</span> <span class='ocrx_word' id='word_1_131' title='bbox 450 1202 532 1234; x_wconf 89' lang='lat' dir='ltr'>della</span> 
     </span>
     <span class='ocr_line' id='line_1_28' title="bbox 87 1246 536 1285; baseline -0.002 -6"><span class='ocrx_word' id='word_1_132' title='bbox 87 1248 190 1285; x_wconf 88' lang='lat' dir='ltr'>Torre,</span> <span class='ocrx_word' id='word_1_133' title='bbox 201 1246 351 1278; x_wconf 84' lang='lat' dir='ltr'>fundator</span> <span class='ocrx_word' id='word_1_134' title='bbox 361 1256 451 1278; x_wconf 81' lang='lat' dir='ltr'>novae</span> <span class='ocrx_word' id='word_1_135' title='bbox 461 1247 536 1279; x_wconf 91' lang='lat' dir='ltr'>Pro-</span> 
     </span>
     <span class='ocr_line' id='line_1_29' title="bbox 86 1290 532 1332; baseline 0 -9"><span class='ocrx_word' id='word_1_136' title='bbox 86 1291 196 1323; x_wconf 84' lang='lat' dir='ltr'>vinciae</span> <span class='ocrx_word' id='word_1_137' title='bbox 206 1290 379 1323; x_wconf 77' lang='lat' dir='ltr'>Germaniae</span> <span class='ocrx_word' id='word_1_138' title='bbox 390 1291 423 1332; x_wconf 91' lang='lat'>(†</span> <span class='ocrx_word' id='word_1_139' title='bbox 433 1291 460 1323; x_wconf 88' lang='lat'>5.</span> <span class='ocrx_word' id='word_1_140' title='bbox 474 1291 532 1323; x_wconf 88' lang='grc'>00-</span> 
     </span>
     <span class='ocr_line' id='line_1_30' title="bbox 86 1335 532 1377; baseline 0 -9"><span class='ocrx_word' id='word_1_141' title='bbox 86 1336 167 1368; x_wconf 84' lang='lat' dir='ltr'>tobr.</span> <span class='ocrx_word' id='word_1_142' title='bbox 185 1336 286 1377; x_wconf 89' lang='lat'>1842).</span> <span class='ocrx_word' id='word_1_143' title='bbox 302 1335 461 1368; x_wconf 86' lang='lat' dir='ltr'>Paulatim</span> <span class='ocrx_word' id='word_1_144' title='bbox 474 1336 532 1368; x_wconf 76' lang='lat'>0.¹=</span> 
     </span>
     <span class='ocr_line' id='line_1_31' title="bbox 87 1381 532 1421; baseline 0 -9"><span class='ocrx_word' id='word_1_145' title='bbox 87 1384 119 1413; x_wconf 91' lang='lat' dir='ltr'>et</span> <span class='ocrx_word' id='word_1_146' title='bbox 138 1381 301 1412; x_wconf 78' lang='lat' dir='ltr'>convictus</span> <span class='ocrx_word' id='word_1_147' title='bbox 333 1384 532 1421; x_wconf 88' lang='lat' dir='ltr'>aperuerunt,</span> 
     </span>
     <span class='ocr_line' id='line_1_32' title="bbox 87 1423 533 1457; baseline -0.002 0"><span class='ocrx_word' id='word_1_148' title='bbox 87 1425 127 1457; x_wconf 92' lang='lat' dir='ltr'>ab</span> <span class='ocrx_word' id='word_1_149' title='bbox 138 1435 165 1456; x_wconf 91' lang='lat' dir='ltr'>a.</span> <span class='ocrx_word' id='word_1_150' title='bbox 178 1425 256 1456; x_wconf 88' lang='lat'>1804</span> <span class='ocrx_word' id='word_1_151' title='bbox 267 1423 361 1456; x_wconf 86' lang='lat' dir='ltr'>etiam</span> <span class='ocrx_word' id='word_1_152' title='bbox 373 1424 533 1456; x_wconf 86' lang='lat' dir='ltr'>missiones</span> 
     </span>
    </p>
   </div>
   <div class='ocr_carea' id='block_1_10' title="bbox 83 1468 541 1936">
    <p class='ocr_par' dir='ltr' id='par_1_11' title="bbox 83 1468 541 1936">
     <span class='ocr_line' id='line_1_33' title="bbox 87 1468 527 1501; baseline 0 -1"><span class='ocrx_word' id='word_1_153' title='bbox 87 1473 120 1501; x_wconf 89' lang='lat' dir='ltr'>et</span> <span class='ocrx_word' id='word_1_154' title='bbox 157 1468 305 1501; x_wconf 87' lang='lat' dir='ltr'>exercitia</span> <span class='ocrx_word' id='word_1_155' title='bbox 350 1469 527 1501; x_wconf 86' lang='lat' dir='ltr'>tradebant.</span> 
     </span>
     <span class='ocr_line' id='line_1_34' title="bbox 83 1511 536 1544; baseline 0 -5"><span class='ocrx_word' id='word_1_156' title='bbox 83 1513 122 1540; x_wconf 90' lang='lat' dir='ltr'>At</span> <span class='ocrx_word' id='word_1_157' title='bbox 148 1521 207 1539; x_wconf 89' lang='grc'>011111</span> <span class='ocrx_word' id='word_1_158' title='bbox 245 1511 396 1544; x_wconf 84' lang='lat' dir='ltr'>Paccanari,</span> <span class='ocrx_word' id='word_1_159' title='bbox 429 1512 536 1539; x_wconf 81' lang='lat' dir='ltr'>interim</span> 
     </span>
     <span class='ocr_line' id='line_1_35' title="bbox 84 1547 538 1583; baseline 0 -8"><span class='ocrx_word' id='word_1_160' title='bbox 84 1548 172 1575; x_wconf 83' lang='lat' dir='ltr'>factus</span> <span class='ocrx_word' id='word_1_161' title='bbox 198 1547 330 1580; x_wconf 86' lang='lat' dir='ltr'>sacerdos,</span> <span class='ocrx_word' id='word_1_162' title='bbox 358 1548 538 1583; x_wconf 81' lang='lat' dir='ltr'>aggregationi</span> 
     </span>
     <span class='ocr_line' id='line_1_36' title="bbox 86 1583 539 1611; baseline 0 -1"><span class='ocrx_word' id='word_1_163' title='bbox 86 1592 146 1611; x_wconf 89' lang='grc'>011111</span> <span class='ocrx_word' id='word_1_164' title='bbox 179 1583 289 1610; x_wconf 83' lang='lat' dir='ltr'>Jesuitis</span> <span class='ocrx_word' id='word_1_165' title='bbox 322 1584 349 1611; x_wconf 91' lang='lat' dir='ltr'>in</span> <span class='ocrx_word' id='word_1_166' title='bbox 377 1584 473 1611; x_wconf 83' lang='lat' dir='ltr'>Russia</span> <span class='ocrx_word' id='word_1_167' title='bbox 493 1584 539 1611; x_wconf 88' lang='lat' dir='ltr'>ob·</span> 
     </span>
     <span class='ocr_line' id='line_1_37' title="bbox 84 1619 539 1654; baseline 0 -8"><span class='ocrx_word' id='word_1_168' title='bbox 84 1619 199 1651; x_wconf 78' lang='lat' dir='ltr'>sisteret,</span> <span class='ocrx_word' id='word_1_169' title='bbox 233 1619 285 1646; x_wconf 91' lang='lat' dir='ltr'>imo</span> <span class='ocrx_word' id='word_1_170' title='bbox 318 1619 441 1654; x_wconf 79' lang='lat' dir='ltr'>spiritum</span> <span class='ocrx_word' id='word_1_171' title='bbox 476 1628 539 1646; x_wconf 85' lang='lat' dir='ltr'>vero</span> 
     </span>
     <span class='ocr_line' id='line_1_38' title="bbox 86 1654 541 1682; baseline 0 0"><span class='ocrx_word' id='word_1_172' title='bbox 86 1655 217 1682; x_wconf 87' lang='lat' dir='ltr'>Instituto</span> <span class='ocrx_word' id='word_1_173' title='bbox 235 1654 375 1682; x_wconf 85' lang='lat' dir='ltr'>Societatis</span> <span class='ocrx_word' id='word_1_174' title='bbox 401 1655 466 1682; x_wconf 87' lang='lat' dir='ltr'>Jesu</span> <span class='ocrx_word' id='word_1_175' title='bbox 491 1655 541 1682; x_wconf 88' lang='lat' dir='ltr'>ini·</span> 
     </span>
     <span class='ocr_line' id='line_1_39' title="bbox 85 1690 540 1718; baseline 0 0"><span class='ocrx_word' id='word_1_176' title='bbox 85 1690 183 1718; x_wconf 88' lang='lat' dir='ltr'>micum</span> <span class='ocrx_word' id='word_1_177' title='bbox 220 1690 373 1718; x_wconf 77' lang='lat' dir='ltr'>ostenderet</span> <span class='ocrx_word' id='word_1_178' title='bbox 400 1692 429 1718; x_wconf 85' lang='lat' dir='ltr'>et</span> <span class='ocrx_word' id='word_1_179' title='bbox 454 1691 540 1718; x_wconf 84' lang='lat' dir='ltr'>vitam</span> 
     </span>
     <span class='ocr_line' id='line_1_40' title="bbox 86 1725 541 1762; baseline 0.002 -9"><span class='ocrx_word' id='word_1_180' title='bbox 86 1728 177 1762; x_wconf 82' lang='lat' dir='ltr'>ageret</span> <span class='ocrx_word' id='word_1_181' title='bbox 211 1725 331 1761; x_wconf 84' lang='lat' dir='ltr'>religioso</span> <span class='ocrx_word' id='word_1_182' title='bbox 370 1726 427 1753; x_wconf 89' lang='lat' dir='ltr'>viro</span> <span class='ocrx_word' id='word_1_183' title='bbox 473 1726 541 1754; x_wconf 87' lang='lat' dir='ltr'>indi-</span> 
     </span>
     <span class='ocr_line' id='line_1_41' title="bbox 86 1761 541 1798; baseline 0 -9"><span class='ocrx_word' id='word_1_184' title='bbox 86 1771 175 1798; x_wconf 84' lang='lat' dir='ltr'>gnam,</span> <span class='ocrx_word' id='word_1_185' title='bbox 203 1761 333 1796; x_wconf 83' lang='lat' dir='ltr'>paulatim</span> <span class='ocrx_word' id='word_1_186' title='bbox 356 1761 467 1797; x_wconf 85' lang='lat' dir='ltr'>integrae</span> <span class='ocrx_word' id='word_1_187' title='bbox 495 1762 541 1789; x_wconf 92' lang='lat' dir='ltr'>do-</span> 
     </span>
     <span class='ocr_line' id='line_1_42' title="bbox 85 1797 541 1832; baseline 0 -8"><span class='ocrx_word' id='word_1_188' title='bbox 85 1806 154 1830; x_wconf 87' lang='lat' dir='ltr'>mus,</span> <span class='ocrx_word' id='word_1_189' title='bbox 182 1797 332 1832; x_wconf 84' lang='lat' dir='ltr'>incipiendo</span> <span class='ocrx_word' id='word_1_190' title='bbox 367 1797 402 1824; x_wconf 86' lang='lat' dir='ltr'>ab</span> <span class='ocrx_word' id='word_1_191' title='bbox 429 1806 454 1826; x_wconf 85' lang='lat' dir='ltr'>a.</span> <span class='ocrx_word' id='word_1_192' title='bbox 475 1798 541 1825; x_wconf 87' lang='lat'>1804</span> 
     </span>
     <span class='ocr_line' id='line_1_43' title="bbox 85 1833 540 1868; baseline 0 -8"><span class='ocrx_word' id='word_1_193' title='bbox 85 1833 120 1860; x_wconf 81' lang='lat' dir='ltr'>ab</span> <span class='ocrx_word' id='word_1_194' title='bbox 154 1841 184 1860; x_wconf 91' lang='lat' dir='ltr'>eo</span> <span class='ocrx_word' id='word_1_195' title='bbox 211 1841 239 1860; x_wconf 86' lang='lat' dir='ltr'>se</span> <span class='ocrx_word' id='word_1_196' title='bbox 275 1835 441 1867; x_wconf 80' lang='lat' dir='ltr'>separarunt.</span> <span class='ocrx_word' id='word_1_197' title='bbox 480 1834 540 1868; x_wconf 88' lang='lat' dir='ltr'>Ipse</span> 
     </span>
     <span class='ocr_line' id='line_1_44' title="bbox 89 1868 540 1896; baseline 0.002 -1"><span class='ocrx_word' id='word_1_198' title='bbox 89 1869 153 1896; x_wconf 92' lang='grc'>1807</span> <span class='ocrx_word' id='word_1_199' title='bbox 190 1868 318 1896; x_wconf 84' lang='lat' dir='ltr'>mandato</span> <span class='ocrx_word' id='word_1_200' title='bbox 354 1869 395 1896; x_wconf 83' lang='lat' dir='ltr'>Pii</span> <span class='ocrx_word' id='word_1_201' title='bbox 422 1869 484 1896; x_wconf 87' lang='lat' dir='ltr'>VII.</span> <span class='ocrx_word' id='word_1_202' title='bbox 512 1869 540 1896; x_wconf 93' lang='lat' dir='ltr'>in</span> 
     </span>
     <span class='ocr_line' id='line_1_45' title="bbox 87 1904 541 1936; baseline 0 -5"><span class='ocrx_word' id='word_1_203' title='bbox 87 1904 236 1931; x_wconf 75' lang='lat' dir='ltr'>custodiam</span> <span class='ocrx_word' id='word_1_204' title='bbox 262 1904 367 1936; x_wconf 84' lang='lat' dir='ltr'>missus,</span> <span class='ocrx_word' id='word_1_205' title='bbox 394 1905 442 1931; x_wconf 87' lang='lat' dir='ltr'>sed</span> <span class='ocrx_word' id='word_1_206' title='bbox 475 1905 541 1932; x_wconf 85' lang='lat'>1809</span> 
     </span>
    </p>
   </div>
   <div class='ocr_carea' id='block_1_11' title="bbox 87 1940 541 2277">
    <p class='ocr_par' dir='ltr' id='par_1_12' title="bbox 87 1940 541 2277">
     <span class='ocr_line' id='line_1_46' title="bbox 87 1940 541 1968; baseline 0.002 -1"><span class='ocrx_word' id='word_1_207' title='bbox 87 1949 104 1967; x_wconf 86' lang='lat' dir='ltr'>a</span> <span class='ocrx_word' id='word_1_208' title='bbox 119 1940 200 1968; x_wconf 85' lang='lat' dir='ltr'>Gallis</span> <span class='ocrx_word' id='word_1_209' title='bbox 216 1940 343 1967; x_wconf 81' lang='lat' dir='ltr'>liberatus</span> <span class='ocrx_word' id='word_1_210' title='bbox 371 1948 405 1967; x_wconf 83' lang='lat' dir='ltr'>ex</span> <span class='ocrx_word' id='word_1_211' title='bbox 430 1940 541 1968; x_wconf 80' lang='lat' dir='ltr'>historia</span> 
     </span>
     <span class='ocr_line' id='line_1_47' title="bbox 91 1976 536 2019; baseline 0.004 -12"><span class='ocrx_word' id='word_1_212' title='bbox 91 1979 232 2015; x_wconf 81' lang='lat' dir='ltr'>disparuit.</span> <span class='ocrx_word' id='word_1_213' title='bbox 251 1976 361 2009; x_wconf 89' lang='lat' dir='ltr'>Patres</span> <span class='ocrx_word' id='word_1_214' title='bbox 372 1987 455 2016; x_wconf 89' lang='lat' dir='ltr'>vero,</span> <span class='ocrx_word' id='word_1_215' title='bbox 483 1978 536 2019; x_wconf 93' lang='lat' dir='ltr'>qui</span> 
     </span>
     <span class='ocr_line' id='line_1_48' title="bbox 90 2021 539 2063; baseline 0.004 -11"><span class='ocrx_word' id='word_1_216' title='bbox 90 2021 156 2063; x_wconf 81' lang='lat' dir='ltr'>jam</span> <span class='ocrx_word' id='word_1_217' title='bbox 179 2021 256 2053; x_wconf 83' lang='lat'>1807</span> <span class='ocrx_word' id='word_1_218' title='bbox 291 2022 323 2054; x_wconf 85' lang='lat' dir='ltr'>G.</span> <span class='ocrx_word' id='word_1_219' title='bbox 348 2021 368 2053; x_wconf 88' lang='grc'>8</span> <span class='ocrx_word' id='word_1_220' title='bbox 388 2021 539 2063; x_wconf 85' lang='lat' dir='ltr'>regebant</span> 
     </span>
     <span class='ocr_line' id='line_1_49' title="bbox 90 2064 538 2105; baseline 0.004 -8"><span class='ocrx_word' id='word_1_221' title='bbox 90 2065 123 2097; x_wconf 94' lang='lat' dir='ltr'>in</span> <span class='ocrx_word' id='word_1_222' title='bbox 140 2064 251 2105; x_wconf 87' lang='lat' dir='ltr'>Gallia,</span> <span class='ocrx_word' id='word_1_223' title='bbox 274 2065 471 2098; x_wconf 84' lang='lat'>1810—1814</span> <span class='ocrx_word' id='word_1_224' title='bbox 484 2066 538 2099; x_wconf 91' lang='lat' dir='ltr'>So-</span> 
     </span>
     <span class='ocr_line' id='line_1_50' title="bbox 92 2109 534 2143; baseline 0.002 -1"><span class='ocrx_word' id='word_1_225' title='bbox 92 2109 201 2142; x_wconf 63' lang='grc'>01011111</span> <span class='ocrx_word' id='word_1_226' title='bbox 216 2110 292 2142; x_wconf 84' lang='lat' dir='ltr'>Jesu</span> <span class='ocrx_word' id='word_1_227' title='bbox 308 2110 340 2142; x_wconf 91' lang='lat' dir='ltr'>in</span> <span class='ocrx_word' id='word_1_228' title='bbox 357 2109 439 2143; x_wconf 90' lang='lat' dir='ltr'>Alba</span> <span class='ocrx_word' id='word_1_229' title='bbox 454 2111 534 2143; x_wconf 89' lang='lat' dir='ltr'>Rus-</span> 
     </span>
     <span class='ocr_line' id='line_1_51' title="bbox 91 2154 535 2188; baseline 0.005 -2"><span class='ocrx_word' id='word_1_230' title='bbox 91 2154 139 2186; x_wconf 87' lang='lat' dir='ltr'>sia</span> <span class='ocrx_word' id='word_1_231' title='bbox 158 2164 272 2186; x_wconf 90' lang='lat' dir='ltr'>nomen</span> <span class='ocrx_word' id='word_1_232' title='bbox 290 2154 444 2187; x_wconf 88' lang='lat' dir='ltr'>dederunt</span> <span class='ocrx_word' id='word_1_233' title='bbox 466 2159 498 2188; x_wconf 88' lang='lat' dir='ltr'>et</span> <span class='ocrx_word' id='word_1_234' title='bbox 516 2166 535 2188; x_wconf 89' lang='lat' dir='ltr'>a</span> 
     </span>
     <span class='ocr_line' id='line_1_52' title="bbox 91 2198 538 2241; baseline 0.002 -10"><span class='ocrx_word' id='word_1_235' title='bbox 91 2198 235 2231; x_wconf 86' lang='lat' dir='ltr'>Generali</span> <span class='ocrx_word' id='word_1_236' title='bbox 272 2199 429 2241; x_wconf 86' lang='lat' dir='ltr'>aggregati</span> <span class='ocrx_word' id='word_1_237' title='bbox 464 2204 538 2232; x_wconf 90' lang='lat' dir='ltr'>sunt</span> 
     </span>
     <span class='ocr_line' id='line_1_53' title="bbox 91 2243 386 2277; baseline 0.01 -3"><span class='ocrx_word' id='word_1_238' title='bbox 91 2244 127 2276; x_wconf 86' lang='lat' dir='ltr'>V.</span> <span class='ocrx_word' id='word_1_239' title='bbox 144 2245 194 2276; x_wconf 86' lang='lat' dir='ltr'>Pr.</span> <span class='ocrx_word' id='word_1_240' title='bbox 207 2243 386 2277; x_wconf 84' lang='lat' dir='ltr'>Helvetioae.</span> 
     </span>
    </p>
   </div>
   <div class='ocr_carea' id='block_1_12' title="bbox 285 3112 344 3144">
    <p class='ocr_par' dir='ltr' id='par_1_13' title="bbox 285 3112 344 3144">
     <span class='ocr_line' id='line_1_54' title="bbox 285 3112 344 3144; baseline 0 0"><span class='ocrx_word' id='word_1_241' title='bbox 285 3112 344 3144; x_wconf 88' lang='grc'>398</span> 
     </span>
    </p>
   </div>
   <div class='ocr_carea' id='block_1_13' title="bbox 582 713 2158 1325">
    <p class='ocr_par' dir='ltr' id='par_1_14' title="bbox 583 713 2158 980">
     <span class='ocr_line' id='line_1_55' title="bbox 583 713 2157 758; baseline 0.002 -12"><span class='ocrx_word' id='word_1_242' title='bbox 583 714 671 746; x_wconf 92' lang='lat' dir='ltr'>venit</span> <span class='ocrx_word' id='word_1_243' title='bbox 689 715 826 746; x_wconf 88' lang='lat' dir='ltr'>Joannes</span> <span class='ocrx_word' id='word_1_244' title='bbox 844 715 1016 755; x_wconf 89' lang='lat' dir='ltr'>Genneper,</span> <span class='ocrx_word' id='word_1_245' title='bbox 1072 713 1210 745; x_wconf 90' lang='lat' dir='ltr'>omnium</span> <span class='ocrx_word' id='word_1_246' title='bbox 1236 714 1268 745; x_wconf 89' lang='lat' dir='ltr'>in</span> <span class='ocrx_word' id='word_1_247' title='bbox 1294 724 1378 746; x_wconf 86' lang='lat' dir='ltr'>nova</span> <span class='ocrx_word' id='word_1_248' title='bbox 1403 716 1503 748; x_wconf 88' lang='lat' dir='ltr'>Socie-</span> <span class='ocrx_word' id='word_1_249' title='bbox 1555 715 1688 748; x_wconf 90' lang='lat' dir='ltr'>interno.</span> <span class='ocrx_word' id='word_1_250' title='bbox 1740 716 1912 758; x_wconf 83' lang='lat' dir='ltr'>Episcopus</span> <span class='ocrx_word' id='word_1_251' title='bbox 1942 717 2067 749; x_wconf 91' lang='lat' dir='ltr'>nomine</span> <span class='ocrx_word' id='word_1_252' title='bbox 2099 717 2157 749; x_wconf 90' lang='lat' dir='ltr'>Ge-</span> 
     </span>
     <span class='ocr_line' id='line_1_56' title="bbox 583 758 2158 800; baseline 0.002 -10"><span class='ocrx_word' id='word_1_253' title='bbox 583 762 684 791; x_wconf 90' lang='lat' dir='ltr'>rector</span> <span class='ocrx_word' id='word_1_254' title='bbox 700 759 773 791; x_wconf 90' lang='lat' dir='ltr'>olim</span> <span class='ocrx_word' id='word_1_255' title='bbox 789 760 821 791; x_wconf 83' lang='lat' dir='ltr'>C,</span> <span class='ocrx_word' id='word_1_256' title='bbox 837 758 1017 791; x_wconf 85' lang='lat' dir='ltr'>Embricen-</span> <span class='ocrx_word' id='word_1_257' title='bbox 1072 761 1138 789; x_wconf 87' lang='lat' dir='ltr'>tate</span> <span class='ocrx_word' id='word_1_258' title='bbox 1153 762 1258 799; x_wconf 86' lang='lat' dir='ltr'>coepta</span> <span class='ocrx_word' id='word_1_259' title='bbox 1271 762 1318 790; x_wconf 91' lang='lat' dir='ltr'>est</span> <span class='ocrx_word' id='word_1_260' title='bbox 1332 759 1420 800; x_wconf 84' lang='lat' dir='ltr'>quasi</span> <span class='ocrx_word' id='word_1_261' title='bbox 1430 760 1504 792; x_wconf 85' lang='lat' dir='ltr'>Pro·</span> <span class='ocrx_word' id='word_1_262' title='bbox 1556 760 1668 792; x_wconf 85' lang='lat' dir='ltr'>neralis</span> <span class='ocrx_word' id='word_1_263' title='bbox 1705 761 1823 792; x_wconf 83' lang='lat' dir='ltr'>creavit</span> <span class='ocrx_word' id='word_1_264' title='bbox 1857 762 2025 792; x_wconf 85' lang='lat' dir='ltr'>Robertum</span> <span class='ocrx_word' id='word_1_265' title='bbox 2060 762 2158 799; x_wconf 77' lang='lat' dir='ltr'>Moly-</span> 
     </span>
     <span class='ocr_line' id='line_1_57' title="bbox 583 802 2155 846; baseline 0.001 -11"><span class='ocrx_word' id='word_1_266' title='bbox 583 804 633 841; x_wconf 91' lang='lat' dir='ltr'>sis,</span> <span class='ocrx_word' id='word_1_267' title='bbox 646 803 757 835; x_wconf 92' lang='lat' dir='ltr'>missus</span> <span class='ocrx_word' id='word_1_268' title='bbox 770 803 936 835; x_wconf 86' lang='lat' dir='ltr'>aGenerali</span> <span class='ocrx_word' id='word_1_269' title='bbox 946 803 1014 835; x_wconf 84' lang='lat' dir='ltr'>S.J.</span> <span class='ocrx_word' id='word_1_270' title='bbox 1070 802 1172 834; x_wconf 73' lang='lat' dir='ltr'>vincia</span> <span class='ocrx_word' id='word_1_271' title='bbox 1183 803 1304 843; x_wconf 72' lang='lat' dir='ltr'>Anqliae</span> <span class='ocrx_word' id='word_1_272' title='bbox 1316 804 1507 845; x_wconf 80' lang='lat' dir='ltr'>cuiadjunc-</span> <span class='ocrx_word' id='word_1_273' title='bbox 1557 813 1640 835; x_wconf 86' lang='lat' dir='ltr'>neux</span> <span class='ocrx_word' id='word_1_274' title='bbox 1665 805 1858 846; x_wconf 85' lang='lat' dir='ltr'>Superiorem</span> <span class='ocrx_word' id='word_1_275' title='bbox 1883 805 1916 837; x_wconf 90' lang='lat' dir='ltr'>in</span> <span class='ocrx_word' id='word_1_276' title='bbox 1940 805 2084 837; x_wconf 70' lang='lat' dir='ltr'>America-</span> <span class='ocrx_word' id='word_1_277' title='bbox 2108 807 2155 838; x_wconf 89' lang='lat'>21.</span> 
     </span>
     <span class='ocr_line' id='line_1_58' title="bbox 584 847 2157 891; baseline 0.002 -12"><span class='ocrx_word' id='word_1_278' title='bbox 584 848 713 886; x_wconf 83' lang='lat' dir='ltr'>Russiae,</span> <span class='ocrx_word' id='word_1_279' title='bbox 729 851 766 879; x_wconf 91' lang='lat' dir='ltr'>ut</span> <span class='ocrx_word' id='word_1_280' title='bbox 778 847 925 888; x_wconf 88' lang='lat' dir='ltr'>Superior</span> <span class='ocrx_word' id='word_1_281' title='bbox 937 851 1018 880; x_wconf 86' lang='lat' dir='ltr'>esset</span> <span class='ocrx_word' id='word_1_282' title='bbox 1070 850 1112 878; x_wconf 83' lang='lat' dir='ltr'>tae</span> <span class='ocrx_word' id='word_1_283' title='bbox 1124 847 1250 879; x_wconf 80' lang='lat' dir='ltr'>fuerunt</span> <span class='ocrx_word' id='word_1_284' title='bbox 1263 847 1437 880; x_wconf 89' lang='lat' dir='ltr'>missiones:</span> <span class='ocrx_word' id='word_1_285' title='bbox 1452 849 1506 881; x_wconf 75' lang='lat' dir='ltr'>Ja·</span> <span class='ocrx_word' id='word_1_286' title='bbox 1558 849 1631 881; x_wconf 82' lang='lat' dir='ltr'>Jun.</span> <span class='ocrx_word' id='word_1_287' title='bbox 1658 849 1744 881; x_wconf 85' lang='grc'>1805.</span> <span class='ocrx_word' id='word_1_288' title='bbox 1790 849 1909 881; x_wconf 92' lang='lat' dir='ltr'>Eodem</span> <span class='ocrx_word' id='word_1_289' title='bbox 1934 854 2073 891; x_wconf 85' lang='lat' dir='ltr'>tempore</span> <span class='ocrx_word' id='word_1_290' title='bbox 2096 850 2157 891; x_wconf 90' lang='lat' dir='ltr'>pri-</span> 
     </span>
     <span class='ocr_line' id='line_1_59' title="bbox 583 891 2157 936; baseline 0.002 -13"><span class='ocrx_word' id='word_1_291' title='bbox 583 892 743 924; x_wconf 91' lang='lat' dir='ltr'>Sociorum</span> <span class='ocrx_word' id='word_1_292' title='bbox 766 892 798 924; x_wconf 90' lang='lat' dir='ltr'>in</span> <span class='ocrx_word' id='word_1_293' title='bbox 822 902 859 924; x_wconf 87' lang='lat' dir='ltr'>ea</span> <span class='ocrx_word' id='word_1_294' title='bbox 880 892 955 924; x_wconf 88' lang='lat' dir='ltr'>urbe</span> <span class='ocrx_word' id='word_1_295' title='bbox 979 902 1016 924; x_wconf 84' lang='lat' dir='ltr'>ex</span> <span class='ocrx_word' id='word_1_296' title='bbox 1070 891 1180 929; x_wconf 78' lang='lat' dir='ltr'>maiea,</span> <span class='ocrx_word' id='word_1_297' title='bbox 1203 891 1372 924; x_wconf 90' lang='lat' dir='ltr'>Honduras</span> <span class='ocrx_word' id='word_1_298' title='bbox 1393 893 1504 935; x_wconf 68' lang='lat' dir='ltr'>(brit),</span> <span class='ocrx_word' id='word_1_299' title='bbox 1557 903 1626 925; x_wconf 90' lang='lat' dir='ltr'>mus</span> <span class='ocrx_word' id='word_1_300' title='bbox 1666 894 1699 925; x_wconf 91' lang='lat' dir='ltr'>in</span> <span class='ocrx_word' id='word_1_301' title='bbox 1740 893 1883 926; x_wconf 88' lang='lat' dir='ltr'>America</span> <span class='ocrx_word' id='word_1_302' title='bbox 1923 894 2157 936; x_wconf 83' lang='lat' dir='ltr'>septentrionali</span> 
     </span>
     <span class='ocr_line' id='line_1_60' title="bbox 583 936 2051 980; baseline 0.002 -12"><span class='ocrx_word' id='word_1_303' title='bbox 583 936 739 968; x_wconf 88' lang='lat' dir='ltr'>communi</span> <span class='ocrx_word' id='word_1_304' title='bbox 765 936 882 968; x_wconf 80' lang='lat' dir='ltr'>diluvio</span> <span class='ocrx_word' id='word_1_305' title='bbox 907 936 1016 969; x_wconf 86' lang='lat' dir='ltr'>etiam-</span> <span class='ocrx_word' id='word_1_306' title='bbox 1069 936 1205 968; x_wconf 88' lang='lat' dir='ltr'>Canada.</span> <span class='ocrx_word' id='word_1_307' title='bbox 1235 954 1273 958; x_wconf 88' lang='lat'><strong>—</strong></span> <span class='ocrx_word' id='word_1_308' title='bbox 1300 936 1416 968; x_wconf 86' lang='lat' dir='ltr'>Fuerat</span> <span class='ocrx_word' id='word_1_309' title='bbox 1442 938 1505 970; x_wconf 89' lang='lat' dir='ltr'>An·</span> <span class='ocrx_word' id='word_1_310' title='bbox 1558 937 1739 970; x_wconf 85' lang='lat' dir='ltr'>Novitatius</span> <span class='ocrx_word' id='word_1_311' title='bbox 1761 938 1887 970; x_wconf 85' lang='lat' dir='ltr'>initium</span> <span class='ocrx_word' id='word_1_312' title='bbox 1908 939 2051 980; x_wconf 85' lang='lat' dir='ltr'>sumpsit.</span> 
     </span>
    </p>

    <p class='ocr_par' dir='ltr' id='par_1_15' title="bbox 583 979 1503 1021">
     <span class='ocr_line' id='line_1_61' title="bbox 583 979 1503 1021; baseline 0.002 -9"><span class='ocrx_word' id='word_1_313' title='bbox 583 984 651 1012; x_wconf 89' lang='lat' dir='ltr'>tum</span> <span class='ocrx_word' id='word_1_314' title='bbox 666 991 730 1012; x_wconf 88' lang='lat' dir='ltr'>una</span> <span class='ocrx_word' id='word_1_315' title='bbox 744 981 1014 1013; x_wconf 83' lang='lat' dir='ltr'>commorantium.</span> <span class='ocrx_word' id='word_1_316' title='bbox 1067 979 1130 1021; x_wconf 88' lang='lat' dir='ltr'>glia</span> <span class='ocrx_word' id='word_1_317' title='bbox 1162 981 1358 1013; x_wconf 82' lang='grc'>1580-1619</span> <span class='ocrx_word' id='word_1_318' title='bbox 1389 981 1503 1021; x_wconf 87' lang='lat' dir='ltr'>Missio,</span> 
     </span>
    </p>

    <p class='ocr_par' dir='ltr' id='par_1_16' title="bbox 583 1025 1503 1067">
     <span class='ocr_line' id='line_1_62' title="bbox 583 1025 1503 1067; baseline 0.001 -10"><span class='ocrx_word' id='word_1_319' title='bbox 583 1025 643 1057; x_wconf 88' lang='lat' dir='ltr'>Hic</span> <span class='ocrx_word' id='word_1_320' title='bbox 661 1025 812 1067; x_wconf 89' lang='lat' dir='ltr'>quosdam</span> <span class='ocrx_word' id='word_1_321' title='bbox 830 1025 966 1058; x_wconf 89' lang='lat' dir='ltr'>novitios</span> <span class='ocrx_word' id='word_1_322' title='bbox 984 1025 1015 1057; x_wconf 92' lang='lat' dir='ltr'>in</span> <span class='ocrx_word' id='word_1_323' title='bbox 1069 1025 1376 1063; x_wconf 79' lang='lat' dir='ltr'>1619—1623V.Pr.‚</span> <span class='ocrx_word' id='word_1_324' title='bbox 1387 1026 1503 1058; x_wconf 73' lang='lat'>1623—</span> 
     </span>
    </p>

    <p class='ocr_par' dir='ltr' id='par_1_17' title="bbox 584 1069 1215 1102">
     <span class='ocr_line' id='line_1_63' title="bbox 584 1069 1215 1102; baseline 0.002 -1"><span class='ocrx_word' id='word_1_325' title='bbox 584 1069 729 1102; x_wconf 86' lang='lat' dir='ltr'>Russiam</span> <span class='ocrx_word' id='word_1_326' title='bbox 751 1070 847 1102; x_wconf 80' lang='lat' dir='ltr'>misit.</span> <span class='ocrx_word' id='word_1_327' title='bbox 892 1070 1016 1102; x_wconf 87' lang='lat' dir='ltr'>Mortuo</span> <span class='ocrx_word' id='word_1_328' title='bbox 1070 1069 1147 1100; x_wconf 87' lang='lat'>1773</span> <span class='ocrx_word' id='word_1_329' title='bbox 1166 1072 1215 1102; x_wconf 85' lang='lat' dir='ltr'>Pr.</span> 
     </span>
    </p>

    <p class='ocr_par' dir='ltr' id='par_1_18' title="bbox 582 1113 1019 1156">
     <span class='ocr_line' id='line_1_64' title="bbox 582 1113 1019 1156; baseline 0.002 -11"><span class='ocrx_word' id='word_1_330' title='bbox 582 1114 611 1146; x_wconf 91' lang='lat'>8.</span> <span class='ocrx_word' id='word_1_331' title='bbox 644 1113 717 1156; x_wconf 82' lang='lat' dir='ltr'>Maj.</span> <span class='ocrx_word' id='word_1_332' title='bbox 760 1114 838 1146; x_wconf 88' lang='lat'>1808</span> <span class='ocrx_word' id='word_1_333' title='bbox 871 1114 1019 1147; x_wconf 90' lang='lat' dir='ltr'>successit</span> 
     </span>
    </p>

    <p class='ocr_par' dir='ltr' id='par_1_19' title="bbox 583 1160 1018 1196">
     <span class='ocr_line' id='line_1_65' title="bbox 583 1160 1018 1196; baseline 0 -6"><span class='ocrx_word' id='word_1_334' title='bbox 583 1160 758 1190; x_wconf 85' lang='lat' dir='ltr'>Hermanus</span> <span class='ocrx_word' id='word_1_335' title='bbox 769 1160 1018 1196; x_wconf 78' lang='lat' dir='ltr'>Schonenbusch‚</span> 
     </span>
    </p>

    <p class='ocr_par' dir='ltr' id='par_1_20' title="bbox 583 1203 1019 1245">
     <span class='ocr_line' id='line_1_66' title="bbox 583 1203 1019 1245; baseline 0 -10"><span class='ocrx_word' id='word_1_336' title='bbox 583 1203 786 1241; x_wconf 86' lang='lat' dir='ltr'>Dusselanus,</span> <span class='ocrx_word' id='word_1_337' title='bbox 818 1203 837 1245; x_wconf 86' lang='lat'>†</span> <span class='ocrx_word' id='word_1_338' title='bbox 869 1203 901 1235; x_wconf 90' lang='lat' dir='ltr'>in</span> <span class='ocrx_word' id='word_1_339' title='bbox 934 1203 1019 1235; x_wconf 83' lang='lat' dir='ltr'>fama</span> 
     </span>
    </p>

    <p class='ocr_par' dir='ltr' id='par_1_21' title="bbox 584 1247 1015 1280">
     <span class='ocr_line' id='line_1_67' title="bbox 584 1247 1015 1280; baseline 0.002 -1"><span class='ocrx_word' id='word_1_340' title='bbox 584 1247 762 1280; x_wconf 84' lang='lat' dir='ltr'>sanctitatis</span> <span class='ocrx_word' id='word_1_341' title='bbox 774 1248 821 1280; x_wconf 88' lang='lat'>24.</span> <span class='ocrx_word' id='word_1_342' title='bbox 836 1248 914 1280; x_wconf 85' lang='lat' dir='ltr'>Nov.</span> <span class='ocrx_word' id='word_1_343' title='bbox 929 1249 1015 1280; x_wconf 92' lang='lat'>1810.</span> 
     </span>
    </p>

    <p class='ocr_par' dir='ltr' id='par_1_22' title="bbox 585 1292 1017 1325">
     <span class='ocr_line' id='line_1_68' title="bbox 585 1292 1017 1325; baseline 0.002 -2"><span class='ocrx_word' id='word_1_344' title='bbox 585 1294 622 1324; x_wconf 88' lang='lat' dir='ltr'>D.</span> <span class='ocrx_word' id='word_1_345' title='bbox 652 1292 827 1324; x_wconf 86' lang='lat' dir='ltr'>Dusselana</span> <span class='ocrx_word' id='word_1_346' title='bbox 856 1293 932 1324; x_wconf 88' lang='lat'>1832</span> <span class='ocrx_word' id='word_1_347' title='bbox 965 1293 1017 1325; x_wconf 81' lang='lat' dir='ltr'>Pr.</span> 
     </span>
    </p>
   </div>
   <div class='ocr_carea' id='block_1_14' title="bbox 587 1336 2160 1468">
    <p class='ocr_par' dir='ltr' id='par_1_23' title="bbox 587 1336 2160 1468">
     <span class='ocr_line' id='line_1_69' title="bbox 587 1336 2160 1380; baseline 0.002 -12"><span class='ocrx_word' id='word_1_348' title='bbox 587 1336 714 1377; x_wconf 71' lang='lat' dir='ltr'>Belqieoe</span> <span class='ocrx_word' id='word_1_349' title='bbox 754 1336 911 1369; x_wconf 88' lang='lat' dir='ltr'>attributa</span> <span class='ocrx_word' id='word_1_350' title='bbox 962 1341 1017 1370; x_wconf 89' lang='lat' dir='ltr'>est.</span> <span class='ocrx_word' id='word_1_351' title='bbox 1541 1337 1618 1369; x_wconf 89' lang='lat'>1809</span> <span class='ocrx_word' id='word_1_352' title='bbox 1636 1337 1795 1369; x_wconf 89' lang='lat' dir='ltr'>Missiones</span> <span class='ocrx_word' id='word_1_353' title='bbox 1813 1347 1868 1379; x_wconf 92' lang='lat' dir='ltr'>per</span> <span class='ocrx_word' id='word_1_354' title='bbox 1885 1337 2032 1370; x_wconf 75' lang='lat' dir='ltr'>Sibiriam</span> <span class='ocrx_word' id='word_1_355' title='bbox 2049 1348 2160 1380; x_wconf 87' lang='lat' dir='ltr'>propo-</span> 
     </span>
     <span class='ocr_line' id='line_1_70' title="bbox 587 1380 2160 1425; baseline 0.001 -12"><span class='ocrx_word' id='word_1_356' title='bbox 587 1380 697 1413; x_wconf 82' lang='lat' dir='ltr'>Ultimi</span> <span class='ocrx_word' id='word_1_357' title='bbox 736 1381 851 1413; x_wconf 91' lang='lat' dir='ltr'>ibidem</span> <span class='ocrx_word' id='word_1_358' title='bbox 890 1382 911 1413; x_wconf 84' lang='lat' dir='ltr'>J</span> <span class='ocrx_word' id='word_1_359' title='bbox 913 1382 1020 1414; x_wconf 80' lang='lat' dir='ltr'>esuitae</span> <span class='ocrx_word' id='word_1_360' title='bbox 1558 1385 1678 1413; x_wconf 89' lang='lat' dir='ltr'>nuntur</span> <span class='ocrx_word' id='word_1_361' title='bbox 1690 1381 1723 1413; x_wconf 91' lang='lat' dir='ltr'>in</span> <span class='ocrx_word' id='word_1_362' title='bbox 1739 1381 1866 1414; x_wconf 84' lang='lat' dir='ltr'>Irkutsk</span> <span class='ocrx_word' id='word_1_363' title='bbox 1880 1386 1912 1414; x_wconf 88' lang='lat' dir='ltr'>et</span> <span class='ocrx_word' id='word_1_364' title='bbox 1926 1382 2040 1415; x_wconf 90' lang='lat' dir='ltr'>Tomsk</span> <span class='ocrx_word' id='word_1_365' title='bbox 2053 1387 2160 1425; x_wconf 85' lang='lat' dir='ltr'>postu-</span> 
     </span>
     <span class='ocr_line' id='line_1_71' title="bbox 587 1425 2000 1468; baseline 0.001 -11"><span class='ocrx_word' id='word_1_366' title='bbox 587 1429 689 1457; x_wconf 84' lang='lat' dir='ltr'>erant:</span> <span class='ocrx_word' id='word_1_367' title='bbox 705 1425 799 1457; x_wconf 90' lang='lat' dir='ltr'>Henr.</span> <span class='ocrx_word' id='word_1_368' title='bbox 815 1426 945 1458; x_wconf 84' lang='lat' dir='ltr'>Wiisten</span> <span class='ocrx_word' id='word_1_369' title='bbox 958 1427 978 1468; x_wconf 87' lang='lat'>†</span> <span class='ocrx_word' id='word_1_370' title='bbox 990 1427 1018 1458; x_wconf 85' lang='lat'>9.</span> <span class='ocrx_word' id='word_1_371' title='bbox 1556 1425 1642 1458; x_wconf 88' lang='lat' dir='ltr'>lante</span> <span class='ocrx_word' id='word_1_372' title='bbox 1661 1426 1867 1468; x_wconf 82' lang='lat' dir='ltr'>gubernatore</span> <span class='ocrx_word' id='word_1_373' title='bbox 1887 1426 2000 1459; x_wconf 83' lang='lat' dir='ltr'>Pestel.</span> 
     </span>
    </p>
   </div>
   <div class='ocr_carea' id='block_1_15' title="bbox 587 1470 1020 1635">
    <p class='ocr_par' dir='ltr' id='par_1_24' title="bbox 587 1470 1020 1635">
     <span class='ocr_line' id='line_1_72' title="bbox 588 1470 1019 1508; baseline 0.002 -6"><span class='ocrx_word' id='word_1_374' title='bbox 588 1470 616 1501; x_wconf 95' lang='lat' dir='ltr'><strong>N</strong></span> <span class='ocrx_word' id='word_1_375' title='bbox 619 1480 667 1502; x_wconf 89' lang='lat' dir='ltr'>ov.</span> <span class='ocrx_word' id='word_1_376' title='bbox 681 1470 768 1508; x_wconf 84' lang='lat'>1835,</span> <span class='ocrx_word' id='word_1_377' title='bbox 780 1470 858 1502; x_wconf 91' lang='lat' dir='ltr'>Phil.</span> <span class='ocrx_word' id='word_1_378' title='bbox 871 1470 1019 1503; x_wconf 90' lang='lat' dir='ltr'>Schulten</span> 
     </span>
     <span class='ocr_line' id='line_1_73' title="bbox 587 1514 1020 1556; baseline 0.005 -10"><span class='ocrx_word' id='word_1_379' title='bbox 587 1514 607 1556; x_wconf 84' lang='lat'>†</span> <span class='ocrx_word' id='word_1_380' title='bbox 634 1515 680 1546; x_wconf 92' lang='lat'>10.</span> <span class='ocrx_word' id='word_1_381' title='bbox 708 1514 782 1546; x_wconf 89' lang='lat' dir='ltr'>Feb.</span> <span class='ocrx_word' id='word_1_382' title='bbox 812 1515 900 1553; x_wconf 83' lang='lat'>1840,</span> <span class='ocrx_word' id='word_1_383' title='bbox 928 1515 1020 1548; x_wconf 88' lang='lat' dir='ltr'>Mich.</span> 
     </span>
     <span class='ocr_line' id='line_1_74' title="bbox 588 1559 1019 1635; baseline 0.005 -45"><span class='ocrx_word' id='word_1_384' title='bbox 588 1559 785 1635; x_wconf 45' lang='lat' dir='ltr'>{igggderath</span> <span class='ocrx_word' id='word_1_385' title='bbox 816 1559 835 1601; x_wconf 87' lang='lat'><strong>†</strong></span> <span class='ocrx_word' id='word_1_386' title='bbox 866 1561 913 1592; x_wconf 90' lang='lat'>12.</span> <span class='ocrx_word' id='word_1_387' title='bbox 945 1560 1019 1601; x_wconf 90' lang='lat' dir='ltr'>Apr.</span> 
     </span>
    </p>
   </div>
   <div class='ocr_carea' id='block_1_16' title="bbox 1057 1806 1508 1973">
    <p class='ocr_par' dir='ltr' id='par_1_25' title="bbox 1057 1806 1508 1973">
     <span class='ocr_line' id='line_1_75' title="bbox 1057 1806 1507 1849; baseline 0.004 -10"><span class='ocrx_word' id='word_1_388' title='bbox 1057 1807 1143 1839; x_wconf 88' lang='lat'>1811.</span> <span class='ocrx_word' id='word_1_389' title='bbox 1168 1807 1215 1839; x_wconf 87' lang='lat'>16.</span> <span class='ocrx_word' id='word_1_390' title='bbox 1239 1806 1313 1839; x_wconf 84' lang='lat' dir='ltr'>Feb.</span> <span class='ocrx_word' id='word_1_391' title='bbox 1337 1808 1356 1849; x_wconf 90' lang='lat'>†</span> <span class='ocrx_word' id='word_1_392' title='bbox 1378 1808 1507 1841; x_wconf 89' lang='lat' dir='ltr'>Dublini</span> 
     </span>
     <span class='ocr_line' id='line_1_76' title="bbox 1075 1852 1507 1890; baseline 0.005 -7"><span class='ocrx_word' id='word_1_393' title='bbox 1075 1853 1184 1884; x_wconf 85' lang='lat' dir='ltr'>Thom.</span> <span class='ocrx_word' id='word_1_394' title='bbox 1218 1853 1346 1890; x_wconf 81' lang='lat' dir='ltr'>Betagh,</span> <span class='ocrx_word' id='word_1_395' title='bbox 1379 1852 1507 1885; x_wconf 84' lang='lat' dir='ltr'>ultimus</span> 
     </span>
     <span class='ocr_line' id='line_1_77' title="bbox 1075 1895 1508 1938; baseline 0.002 -10"><span class='ocrx_word' id='word_1_396' title='bbox 1075 1895 1240 1928; x_wconf 84' lang='lat' dir='ltr'>Societatis</span> <span class='ocrx_word' id='word_1_397' title='bbox 1254 1896 1392 1938; x_wconf 83' lang='lat' dir='ltr'>antiquae</span> <span class='ocrx_word' id='word_1_398' title='bbox 1405 1897 1437 1929; x_wconf 93' lang='lat' dir='ltr'>in</span> <span class='ocrx_word' id='word_1_399' title='bbox 1453 1897 1508 1929; x_wconf 89' lang='lat' dir='ltr'>Hi-</span> 
     </span>
     <span class='ocr_line' id='line_1_78' title="bbox 1077 1940 1308 1973; baseline 0.004 -1"><span class='ocrx_word' id='word_1_400' title='bbox 1077 1940 1184 1973; x_wconf 86' lang='lat' dir='ltr'>bernia</span> <span class='ocrx_word' id='word_1_401' title='bbox 1198 1940 1308 1973; x_wconf 86' lang='lat' dir='ltr'>socius.</span> 
     </span>
    </p>
   </div>
   <div class='ocr_carea' id='block_1_17' title="bbox 1058 2162 1440 2196">
    <p class='ocr_par' dir='ltr' id='par_1_26' title="bbox 1058 2162 1440 2196">
     <span class='ocr_line' id='line_1_79' title="bbox 1058 2162 1440 2196; baseline 0.003 -1"><span class='ocrx_word' id='word_1_402' title='bbox 1058 2163 1144 2195; x_wconf 83' lang='lat'>1812.</span> <span class='ocrx_word' id='word_1_403' title='bbox 1158 2162 1263 2195; x_wconf 86' lang='lat' dir='ltr'>Missio</span> <span class='ocrx_word' id='word_1_404' title='bbox 1276 2162 1440 2196; x_wconf 64' lang='lat' dir='ltr'>Hiber-nise.</span> 
     </span>
    </p>
   </div>
   <div class='ocr_carea' id='block_1_18' title="bbox 555 2209 2169 2445">
    <p class='ocr_par' dir='ltr' id='par_1_27' title="bbox 555 2209 2169 2445">
     <span class='ocr_line' id='line_1_80' title="bbox 555 2209 2169 2445; baseline 0 1105"><span class='ocrx_word' id='word_1_405' title='bbox 555 2209 2169 2445; x_wconf 95' lang='lat' dir='ltr'> </span> 
     </span>
    </p>
   </div>
   <div class='ocr_carea' id='block_1_19' title="bbox 1088 2473 1672 2509">
    <p class='ocr_par' dir='ltr' id='par_1_28' title="bbox 1088 2473 1672 2509">
     <span class='ocr_line' id='line_1_81' title="bbox 1088 2473 1672 2509; baseline 0.002 -2"><span class='ocrx_word' id='word_1_406' title='bbox 1088 2477 1135 2508; x_wconf 84' lang='lat' dir='ltr'>De</span> <span class='ocrx_word' id='word_1_407' title='bbox 1155 2477 1347 2508; x_wconf 72' lang='lat' dir='ltr'>nominebus</span> <span class='ocrx_word' id='word_1_408' title='bbox 1367 2473 1434 2508; x_wconf 54' lang='lat' dir='ltr'>SSQ‘</span> <span class='ocrx_word' id='word_1_409' title='bbox 1456 2478 1561 2508; x_wconf 80' lang='lat' dir='ltr'>cordis</span> <span class='ocrx_word' id='word_1_410' title='bbox 1585 2477 1672 2509; x_wconf 70' lang='lat' dir='ltr'>Iesu:</span> 
     </span>
    </p>
   </div>
   <div class='ocr_carea' id='block_1_20' title="bbox 588 2534 2165 2820">
    <p class='ocr_par' dir='ltr' id='par_1_29' title="bbox 588 2534 2165 2820">
     <span class='ocr_line' id='line_1_82' title="bbox 692 2534 2165 2570; baseline 0.001 -10"><span class='ocrx_word' id='word_1_411' title='bbox 692 2534 756 2561; x_wconf 84' lang='lat' dir='ltr'>Haec</span> <span class='ocrx_word' id='word_1_412' title='bbox 776 2534 949 2570; x_wconf 81' lang='lat' dir='ltr'>Congregatio</span> <span class='ocrx_word' id='word_1_413' title='bbox 969 2534 1007 2561; x_wconf 93' lang='lat' dir='ltr'>ori</span> <span class='ocrx_word' id='word_1_414' title='bbox 1027 2534 1032 2540; x_wconf 96' lang='grc'><strong>”</strong></span> <span class='ocrx_word' id='word_1_415' title='bbox 1054 2543 1095 2561; x_wconf 89' lang='grc'>0111</span> <span class='ocrx_word' id='word_1_416' title='bbox 1114 2543 1191 2563; x_wconf 83' lang='lat' dir='ltr'>suam</span> <span class='ocrx_word' id='word_1_417' title='bbox 1211 2536 1292 2563; x_wconf 88' lang='lat' dir='ltr'>debet</span> <span class='ocrx_word' id='word_1_418' title='bbox 1310 2536 1421 2564; x_wconf 90' lang='lat' dir='ltr'>Nicolao</span> <span class='ocrx_word' id='word_1_419' title='bbox 1441 2536 1610 2568; x_wconf 74' lang='lat' dir='ltr'>Paecanario,</span> <span class='ocrx_word' id='word_1_420' title='bbox 1629 2535 1762 2570; x_wconf 85' lang='lat' dir='ltr'>Superiori</span> <span class='ocrx_word' id='word_1_421' title='bbox 1781 2534 1895 2570; x_wconf 85' lang='lat' dir='ltr'>generali</span> <span class='ocrx_word' id='word_1_422' title='bbox 1915 2535 2025 2562; x_wconf 86' lang='lat' dir='ltr'>Patrum</span> <span class='ocrx_word' id='word_1_423' title='bbox 2044 2535 2116 2567; x_wconf 87' lang='lat' dir='ltr'>fidei,</span> <span class='ocrx_word' id='word_1_424' title='bbox 2137 2537 2165 2563; x_wconf 85' lang='lat' dir='ltr'>et</span> 
     </span>
     <span class='ocr_line' id='line_1_83' title="bbox 591 2570 2163 2608; baseline 0.001 -12"><span class='ocrx_word' id='word_1_425' title='bbox 591 2570 774 2597; x_wconf 80' lang='lat' dir='ltr'>archiducissae</span> <span class='ocrx_word' id='word_1_426' title='bbox 789 2570 878 2597; x_wconf 73' lang='lat' dir='ltr'>Maaiae</span> <span class='ocrx_word' id='word_1_427' title='bbox 894 2570 977 2597; x_wconf 77' lang='lat' dir='ltr'>Annae</span> <span class='ocrx_word' id='word_1_428' title='bbox 993 2579 1009 2597; x_wconf 87' lang='lat' dir='ltr'>a</span> <span class='ocrx_word' id='word_1_429' title='bbox 1042 2571 1159 2603; x_wconf 88' lang='lat' dir='ltr'>Austria,</span> <span class='ocrx_word' id='word_1_430' title='bbox 1174 2572 1291 2599; x_wconf 82' lang='lat' dir='ltr'>formata</span> <span class='ocrx_word' id='word_1_431' title='bbox 1305 2575 1333 2599; x_wconf 91' lang='lat' dir='ltr'>et</span> <span class='ocrx_word' id='word_1_432' title='bbox 1347 2573 1455 2608; x_wconf 85' lang='lat' dir='ltr'>incepta</span> <span class='ocrx_word' id='word_1_433' title='bbox 1470 2573 1561 2607; x_wconf 80' lang='lat' dir='ltr'>Pragae</span> <span class='ocrx_word' id='word_1_434' title='bbox 1576 2572 1643 2598; x_wconf 79' lang='lat'>1799</span> <span class='ocrx_word' id='word_1_435' title='bbox 1657 2571 1706 2598; x_wconf 88' lang='lat' dir='ltr'>sub</span> <span class='ocrx_word' id='word_1_436' title='bbox 1721 2571 1828 2598; x_wconf 85' lang='lat' dir='ltr'>nomine</span> <span class='ocrx_word' id='word_1_437' title='bbox 1843 2571 2024 2603; x_wconf 78' lang='lat' dir='ltr'>„Dilectarum</span> <span class='ocrx_word' id='word_1_438' title='bbox 2040 2580 2057 2599; x_wconf 90' lang='lat' dir='ltr'>a</span> <span class='ocrx_word' id='word_1_439' title='bbox 2071 2572 2089 2598; x_wconf 87' lang='lat' dir='ltr'>J</span> <span class='ocrx_word' id='word_1_440' title='bbox 2091 2571 2163 2599; x_wconf 83' lang='lat' dir='ltr'>esu“.</span> 
     </span>
     <span class='ocr_line' id='line_1_84' title="bbox 591 2606 2164 2642; baseline 0.001 -10"><span class='ocrx_word' id='word_1_441' title='bbox 591 2606 614 2632; x_wconf 88' lang='lat' dir='ltr'>A</span> <span class='ocrx_word' id='word_1_442' title='bbox 629 2606 746 2640; x_wconf 87' lang='lat' dir='ltr'>Josepho</span> <span class='ocrx_word' id='word_1_443' title='bbox 762 2606 830 2633; x_wconf 87' lang='lat' dir='ltr'>Dav.</span> <span class='ocrx_word' id='word_1_444' title='bbox 848 2606 937 2637; x_wconf 79' lang='lat' dir='ltr'>Varin,</span> <span class='ocrx_word' id='word_1_445' title='bbox 952 2608 1018 2633; x_wconf 87' lang='lat' dir='ltr'>tunc</span> <span class='ocrx_word' id='word_1_446' title='bbox 1032 2607 1140 2634; x_wconf 84' lang='lat' dir='ltr'>subdito</span> <span class='ocrx_word' id='word_1_447' title='bbox 1156 2607 1318 2640; x_wconf 81' lang='lat' dir='ltr'>Paeoanarii,</span> <span class='ocrx_word' id='word_1_448' title='bbox 1333 2616 1403 2635; x_wconf 80' lang='lat' dir='ltr'>anno</span> <span class='ocrx_word' id='word_1_449' title='bbox 1418 2608 1486 2635; x_wconf 87' lang='grc'>1800</span> <span class='ocrx_word' id='word_1_450' title='bbox 1499 2607 1528 2635; x_wconf 82' lang='grc'>111</span> <span class='ocrx_word' id='word_1_451' title='bbox 1543 2607 1656 2635; x_wconf 80' lang='lat' dir='ltr'>Gallia-m</span> <span class='ocrx_word' id='word_1_452' title='bbox 1671 2607 1803 2634; x_wconf 76' lang='lat' dir='ltr'>translata</span> <span class='ocrx_word' id='word_1_453' title='bbox 1821 2608 1849 2634; x_wconf 85' lang='lat' dir='ltr'>et</span> <span class='ocrx_word' id='word_1_454' title='bbox 1867 2614 1914 2641; x_wconf 84' lang='lat' dir='ltr'>per</span> <span class='ocrx_word' id='word_1_455' title='bbox 1928 2607 2041 2634; x_wconf 78' lang='lat' dir='ltr'>Beatam</span> <span class='ocrx_word' id='word_1_456' title='bbox 2056 2607 2164 2642; x_wconf 71' lang='lat' dir='ltr'>Magda-</span> 
     </span>
     <span class='ocr_line' id='line_1_85' title="bbox 588 2642 2164 2679; baseline 0.001 -11"><span class='ocrx_word' id='word_1_457' title='bbox 588 2642 678 2668; x_wconf 86' lang='lat' dir='ltr'>lenam</span> <span class='ocrx_word' id='word_1_458' title='bbox 692 2642 819 2676; x_wconf 81' lang='lat' dir='ltr'>Sophiam</span> <span class='ocrx_word' id='word_1_459' title='bbox 833 2642 917 2668; x_wconf 85' lang='lat' dir='ltr'>Barat</span> <span class='ocrx_word' id='word_1_460' title='bbox 930 2643 997 2676; x_wconf 86' lang='lat' dir='ltr'>(nat.</span> <span class='ocrx_word' id='word_1_461' title='bbox 1013 2642 1053 2670; x_wconf 85' lang='lat'>13.</span> <span class='ocrx_word' id='word_1_462' title='bbox 1069 2643 1132 2670; x_wconf 88' lang='lat' dir='ltr'>Dec.</span> <span class='ocrx_word' id='word_1_463' title='bbox 1147 2643 1214 2670; x_wconf 82' lang='grc'>1779</span> <span class='ocrx_word' id='word_1_464' title='bbox 1229 2643 1245 2677; x_wconf 88' lang='lat'><strong>†</strong></span> <span class='ocrx_word' id='word_1_465' title='bbox 1260 2644 1300 2671; x_wconf 85' lang='lat'>24.</span> <span class='ocrx_word' id='word_1_466' title='bbox 1315 2644 1379 2679; x_wconf 81' lang='lat' dir='ltr'>Maj.</span> <span class='ocrx_word' id='word_1_467' title='bbox 1395 2644 1473 2678; x_wconf 82' lang='lat'>1865)</span> <span class='ocrx_word' id='word_1_468' title='bbox 1492 2645 1520 2671; x_wconf 83' lang='lat' dir='ltr'>et</span> <span class='ocrx_word' id='word_1_469' title='bbox 1537 2643 1621 2670; x_wconf 82' lang='lat' dir='ltr'>socias</span> <span class='ocrx_word' id='word_1_470' title='bbox 1635 2643 1793 2670; x_wconf 82' lang='lat' dir='ltr'>continuata</span> <span class='ocrx_word' id='word_1_471' title='bbox 1805 2650 1902 2669; x_wconf 85' lang='lat' dir='ltr'>nomen</span> <span class='ocrx_word' id='word_1_472' title='bbox 1916 2643 2060 2678; x_wconf 76' lang='lat' dir='ltr'>assumpsit</span> <span class='ocrx_word' id='word_1_473' title='bbox 2073 2643 2164 2670; x_wconf 89' lang='lat' dir='ltr'>Domi-</span> 
     </span>
     <span class='ocr_line' id='line_1_86' title="bbox 590 2677 2165 2715; baseline 0.001 -11"><span class='ocrx_word' id='word_1_474' title='bbox 590 2685 685 2704; x_wconf 83' lang='lat' dir='ltr'>narum</span> <span class='ocrx_word' id='word_1_475' title='bbox 700 2677 734 2704; x_wconf 87' lang='lat' dir='ltr'>ab</span> <span class='ocrx_word' id='word_1_476' title='bbox 749 2677 945 2704; x_wconf 84' lang='lat' dir='ltr'>Instructione‘¹</span> <span class='ocrx_word' id='word_1_477' title='bbox 960 2685 1044 2712; x_wconf 85' lang='lat' dir='ltr'>usque</span> <span class='ocrx_word' id='word_1_478' title='bbox 1058 2678 1092 2705; x_wconf 88' lang='lat' dir='ltr'>ad</span> <span class='ocrx_word' id='word_1_479' title='bbox 1106 2687 1206 2705; x_wconf 84' lang='lat' dir='ltr'>annum</span> <span class='ocrx_word' id='word_1_480' title='bbox 1221 2679 1298 2711; x_wconf 84' lang='grc'>1826,</span> <span class='ocrx_word' id='word_1_481' title='bbox 1313 2688 1366 2714; x_wconf 91' lang='lat' dir='ltr'>quo</span> <span class='ocrx_word' id='word_1_482' title='bbox 1380 2680 1476 2715; x_wconf 82' lang='lat' dir='ltr'>regulae</span> <span class='ocrx_word' id='word_1_483' title='bbox 1489 2679 1570 2714; x_wconf 87' lang='lat' dir='ltr'>hujus</span> <span class='ocrx_word' id='word_1_484' title='bbox 1585 2678 1707 2706; x_wconf 80' lang='lat' dir='ltr'>Instituti</span> <span class='ocrx_word' id='word_1_485' title='bbox 1721 2687 1737 2705; x_wconf 86' lang='lat' dir='ltr'>a</span> <span class='ocrx_word' id='word_1_486' title='bbox 1751 2678 1838 2705; x_wconf 84' lang='lat' dir='ltr'>Leone</span> <span class='ocrx_word' id='word_1_487' title='bbox 1853 2678 1918 2706; x_wconf 86' lang='lat' dir='ltr'>X11.</span> <span class='ocrx_word' id='word_1_488' title='bbox 1932 2679 2087 2714; x_wconf 63' lang='lat' dir='ltr'>approbatae</span> <span class='ocrx_word' id='word_1_489' title='bbox 2101 2680 2165 2706; x_wconf 88' lang='lat' dir='ltr'>sunt</span> 
     </span>
     <span class='ocr_line' id='line_1_87' title="bbox 591 2713 2163 2756; baseline 0.001 -17"><span class='ocrx_word' id='word_1_490' title='bbox 591 2721 638 2748; x_wconf 86' lang='lat' dir='ltr'>pro</span> <span class='ocrx_word' id='word_1_491' title='bbox 653 2713 879 2748; x_wconf 84' lang='lat' dir='ltr'>„Congregatione</span> <span class='ocrx_word' id='word_1_492' title='bbox 892 2713 1067 2740; x_wconf 78' lang='lat' dir='ltr'>Dominarum</span> <span class='ocrx_word' id='word_1_493' title='bbox 1081 2723 1098 2741; x_wconf 90' lang='lat' dir='ltr'>a</span> <span class='ocrx_word' id='word_1_494' title='bbox 1111 2715 1155 2742; x_wconf 91' lang='lat' dir='ltr'>SS.</span> <span class='ocrx_word' id='word_1_495' title='bbox 1171 2715 1254 2742; x_wconf 89' lang='lat' dir='ltr'>Corde</span> <span class='ocrx_word' id='word_1_496' title='bbox 1268 2715 1359 2743; x_wconf 85' lang='lat' dir='ltr'>Jesu“.</span> <span class='ocrx_word' id='word_1_497' title='bbox 1374 2731 1407 2735; x_wconf 79' lang='lat'><em>-</em></span> <span class='ocrx_word' id='word_1_498' title='bbox 1422 2715 1500 2750; x_wconf 87' lang='lat' dir='ltr'>Origo</span> <span class='ocrx_word' id='word_1_499' title='bbox 1513 2715 1581 2756; x_wconf 84' lang='lat' dir='ltr'>ipsa,</span> <span class='ocrx_word' id='word_1_500' title='bbox 1595 2714 1732 2750; x_wconf 72' lang='lat' dir='ltr'>pestinata</span> <span class='ocrx_word' id='word_1_501' title='bbox 1745 2722 1791 2749; x_wconf 87' lang='lat' dir='ltr'>per</span> <span class='ocrx_word' id='word_1_502' title='bbox 1804 2714 1964 2741; x_wconf 81' lang='lat' dir='ltr'>Societatem</span> <span class='ocrx_word' id='word_1_503' title='bbox 1979 2714 2043 2741; x_wconf 89' lang='lat' dir='ltr'>Jesu</span> <span class='ocrx_word' id='word_1_504' title='bbox 2057 2716 2085 2741; x_wconf 88' lang='grc'>01</span> <span class='ocrx_word' id='word_1_505' title='bbox 2098 2723 2163 2749; x_wconf 77' lang='lat' dir='ltr'>pne-</span> 
     </span>
     <span class='ocr_line' id='line_1_88' title="bbox 590 2749 2163 2786; baseline 0.001 -11"><span class='ocrx_word' id='word_1_506' title='bbox 590 2749 657 2775; x_wconf 83' lang='lat' dir='ltr'>stita</span> <span class='ocrx_word' id='word_1_507' title='bbox 670 2751 733 2775; x_wconf 85' lang='lat' dir='ltr'>ante</span> <span class='ocrx_word' id='word_1_508' title='bbox 746 2756 822 2775; x_wconf 85' lang='lat' dir='ltr'>suam</span> <span class='ocrx_word' id='word_1_509' title='bbox 837 2749 1023 2775; x_wconf 79' lang='lat' dir='ltr'>admissionem</span> <span class='ocrx_word' id='word_1_510' title='bbox 1045 2758 1061 2776; x_wconf 84' lang='lat' dir='ltr'>a</span> <span class='ocrx_word' id='word_1_511' title='bbox 1075 2750 1103 2777; x_wconf 90' lang='lat' dir='ltr'>P.</span> <span class='ocrx_word' id='word_1_512' title='bbox 1116 2750 1198 2777; x_wconf 82' lang='lat' dir='ltr'>Varin</span> <span class='ocrx_word' id='word_1_513' title='bbox 1211 2751 1300 2785; x_wconf 86' lang='lat'>(1814)</span> <span class='ocrx_word' id='word_1_514' title='bbox 1310 2751 1444 2778; x_wconf 81' lang='lat' dir='ltr'>abdicatio</span> <span class='ocrx_word' id='word_1_515' title='bbox 1458 2759 1543 2778; x_wconf 79' lang='lat' dir='ltr'>omnis</span> <span class='ocrx_word' id='word_1_516' title='bbox 1556 2749 1755 2786; x_wconf 85' lang='lat' dir='ltr'>gubernationis</span> <span class='ocrx_word' id='word_1_517' title='bbox 1768 2750 1838 2777; x_wconf 78' lang='lat' dir='ltr'>circa</span> <span class='ocrx_word' id='word_1_518' title='bbox 1849 2750 1915 2777; x_wconf 84' lang='lat' dir='ltr'>istas</span> <span class='ocrx_word' id='word_1_519' title='bbox 1928 2750 2065 2782; x_wconf 83' lang='lat' dir='ltr'>moniales,</span> <span class='ocrx_word' id='word_1_520' title='bbox 2078 2749 2163 2777; x_wconf 89' lang='lat' dir='ltr'>decla-</span> 
     </span>
     <span class='ocr_line' id='line_1_89' title="bbox 589 2784 2163 2820; baseline 0.001 -10"><span class='ocrx_word' id='word_1_521' title='bbox 589 2784 659 2811; x_wconf 80' lang='lat' dir='ltr'>ratio</span> <span class='ocrx_word' id='word_1_522' title='bbox 674 2784 840 2811; x_wconf 86' lang='lat' dir='ltr'>Generalium</span> <span class='ocrx_word' id='word_1_523' title='bbox 855 2785 881 2811; x_wconf 91' lang='lat' dir='ltr'>S.</span> <span class='ocrx_word' id='word_1_524' title='bbox 896 2785 933 2816; x_wconf 88' lang='lat' dir='ltr'>J.,</span> <span class='ocrx_word' id='word_1_525' title='bbox 947 2785 1085 2820; x_wconf 74' lang='lat' dir='ltr'>speciatim</span> <span class='ocrx_word' id='word_1_526' title='bbox 1100 2786 1151 2813; x_wconf 89' lang='lat' dir='ltr'>PP.</span> <span class='ocrx_word' id='word_1_527' title='bbox 1169 2786 1311 2814; x_wconf 85' lang='lat' dir='ltr'>Roothaan</span> <span class='ocrx_word' id='word_1_528' title='bbox 1325 2789 1353 2814; x_wconf 84' lang='lat' dir='ltr'>et</span> <span class='ocrx_word' id='word_1_529' title='bbox 1366 2786 1526 2820; x_wconf 86' lang='lat' dir='ltr'>Anderledy,</span> <span class='ocrx_word' id='word_1_530' title='bbox 1541 2789 1569 2813; x_wconf 87' lang='lat' dir='ltr'>et</span> <span class='ocrx_word' id='word_1_531' title='bbox 1583 2786 1740 2814; x_wconf 83' lang='lat' dir='ltr'>continuata</span> <span class='ocrx_word' id='word_1_532' title='bbox 1753 2785 1911 2820; x_wconf 83' lang='lat' dir='ltr'>protestatio</span> <span class='ocrx_word' id='word_1_533' title='bbox 1925 2785 2009 2813; x_wconf 83' lang='lat' dir='ltr'>totius</span> <span class='ocrx_word' id='word_1_534' title='bbox 2023 2785 2163 2813; x_wconf 82' lang='lat' dir='ltr'>Sooietatis</span> 
     </span>
    </p>
   </div>
   <div class='ocr_carea' id='block_1_21' title="bbox 590 2820 2162 2891">
    <p class='ocr_par' dir='ltr' id='par_1_30' title="bbox 590 2820 2162 2891">
     <span class='ocr_line' id='line_1_90' title="bbox 590 2820 2162 2858; baseline 0.002 -12"><span class='ocrx_word' id='word_1_535' title='bbox 590 2820 664 2851; x_wconf 86' lang='lat' dir='ltr'>Jesu,</span> <span class='ocrx_word' id='word_1_536' title='bbox 683 2820 789 2847; x_wconf 83' lang='lat' dir='ltr'>abunde</span> <span class='ocrx_word' id='word_1_537' title='bbox 808 2820 932 2855; x_wconf 81' lang='lat' dir='ltr'>probant,</span> <span class='ocrx_word' id='word_1_538' title='bbox 951 2820 1051 2847; x_wconf 71' lang='lat' dir='ltr'>nullam</span> <span class='ocrx_word' id='word_1_539' title='bbox 1071 2830 1177 2856; x_wconf 89' lang='lat' dir='ltr'>prorsus</span> <span class='ocrx_word' id='word_1_540' title='bbox 1195 2822 1357 2850; x_wconf 80' lang='lat' dir='ltr'>intercedere</span> <span class='ocrx_word' id='word_1_541' title='bbox 1375 2822 1590 2858; x_wconf 77' lang='lat' dir='ltr'>conjunctionem</span> <span class='ocrx_word' id='word_1_542' title='bbox 1609 2823 1658 2850; x_wconf 83' lang='lat' dir='ltr'>aut</span> <span class='ocrx_word' id='word_1_543' title='bbox 1675 2821 1896 2849; x_wconf 83' lang='lat' dir='ltr'>necessitudinem</span> <span class='ocrx_word' id='word_1_544' title='bbox 1914 2821 1984 2848; x_wconf 85' lang='grc'>111101·</span> <span class='ocrx_word' id='word_1_545' title='bbox 2002 2821 2162 2849; x_wconf 83' lang='lat' dir='ltr'>Societatem</span> 
     </span>
     <span class='ocr_line' id='line_1_91' title="bbox 591 2855 1032 2891; baseline 0.005 -9"><span class='ocrx_word' id='word_1_546' title='bbox 591 2857 619 2882; x_wconf 88' lang='lat' dir='ltr'>et</span> <span class='ocrx_word' id='word_1_547' title='bbox 634 2855 772 2883; x_wconf 85' lang='lat' dir='ltr'>laudatam</span> <span class='ocrx_word' id='word_1_548' title='bbox 789 2855 1032 2891; x_wconf 79' lang='lat' dir='ltr'>Congregationem.</span> 
     </span>
    </p>
   </div>
   <div class='ocr_carea' id='block_1_22' title="bbox 770 3113 1872 3147">
    <p class='ocr_par' dir='ltr' id='par_1_31' title="bbox 770 3113 1872 3147">
     <span class='ocr_line' id='line_1_92' title="bbox 770 3113 1872 3147; baseline 0.002 -2"><span class='ocrx_word' id='word_1_549' title='bbox 770 3113 829 3145; x_wconf 84' lang='lat'>399</span> <span class='ocrx_word' id='word_1_550' title='bbox 1254 3115 1313 3147; x_wconf 88' lang='lat'>400</span> <span class='ocrx_word' id='word_1_551' title='bbox 1814 3114 1872 3147; x_wconf 89' lang='grc'>401</span> 
     </span>
    </p>
   </div>
  </div>
 </body>
</html>
