2372 3550
110 278 269 315 Hispania,
290 277 447 307 Lusitania

594 276 767 312 Germania,
789 275 929 312 Belgium

1112 276 1234 312 Aug-lia,
1255 276 1383 306 Polonia

1660 277 1819 307 Missiones
1840 277 1957 307 exterae

44 406 121 437 1544
159 404 304 437 Valentiae
338 403 503 436 inchoatur

63 449 195 491 primum
226 449 258 480 in
289 448 442 489 Hispania
471 449 501 480 C.
539 447 616 479 1545
639 446 803 479 Bobadilla
824 457 894 479 cum
917 447 989 488 Jajo

44 680 120 712 1545
135 680 236 711 Faber
259 683 291 711 et
305 679 405 710 Araoz
432 688 503 710 con-

62 725 226 757 cionantur
256 724 287 755 in
319 723 391 755 aula
421 722 504 764 regia

63 768 229 810 Hispaniae.

44 884 120 916 1546
137 884 316 914 Franciscus
332 883 443 919 Borgia
458 882 504 913 in-

62 928 200 970 greditur
237 927 423 959 Societatem
473 930 505 958 et

63 973 177 1005 fundat
195 974 226 1004 C.
243 971 420 1003 Gandimse.

44 1062 129 1094 1546.
152 1061 225 1093 Sim.
250 1060 422 1102 Rodriguez
443 1060 503 1101 pri-

62 1116 131 1155 mus
180 1107 377 1137 provincialis
414 1104 503 1136 Dasi-

62 1154 161 1183 tamoe.

43 1240 119 1272 1547
136 1239 235 1271 Araoz
252 1239 291 1270 fit
306 1239 503 1270 Provincialis

63 1284 159 1316 totius
179 1283 352 1323 Hispaniae,
380 1287 424 1313 ubi
447 1287 505 1313 haec

60 1329 114 1362 jam
138 1330 232 1354 extant
256 1328 286 1354 G:
312 1327 504 1361 Complutense,

59 1363 236 1394 Valentinum,
246 1363 401 1394 Gandiense‚
411 1362 506 1389 Caesar-

60 1401 244 1434 augustanum,
268 1398 459 1425 Barcinonense
478 1401 505 1425 et

57 1435 126 1462 inch.
147 1434 370 1461 vallisoletanum.

43 1542 120 1574 1548
133 1542 243 1573 Franc.
260 1541 373 1583 Borgia
387 1541 413 1573 1.
428 1541 502 1572 Feb.

62 1586 138 1619 facit
158 1586 390 1628 professionem.
414 1605 452 1607 —
473 1587 504 1618 C.

61 1631 310 1671 Salmantieense;
325 1630 357 1662 in
374 1641 411 1663 ea
426 1630 501 1662 urbe

61 1675 208 1707 Melehior
235 1675 339 1707 Canus
367 1675 505 1716 exsurgit

60 1720 202 1752 inimicus
224 1719 397 1752 Societatis.

42 1817 119 1850 1550
138 1817 251 1859 Borgia
269 1816 350 1858 petit
369 1817 502 1849 Romam

62 1865 94 1894 et
125 1862 219 1903 paulo
252 1865 324 1903 post
357 1861 438 1893 redit
470 1861 502 1893 in

60 1906 281 1948 Guipuzcoam.

42 1996 119 2028 1550
134 1995 247 2027 Lainez
263 1995 403 2037 sequitur
419 2005 502 2027 exer-

61 2040 158 2072 citum
179 2039 345 2081 hispanum
367 2040 407 2071 ad
427 2039 502 2072 litus

60 2084 251 2117 Africanum.

43 2218 129 2250 1551.
147 2218 173 2250 1.
187 2218 262 2260 Maj.
276 2218 500 2259 JosephusAn-

62 2262 164 2295 chieta
176 2262 312 2295 novitius
328 2262 499 2296 Conimbri-

65 2317 116 2339 cae.

65 2395 141 2428 1551
163 2395 278 2438 Borgia
300 2396 449 2429 sacerdos.

42 2485 178 2524 Siliceus,
212 2485 389 2526 archiepisc.
417 2485 503 2517 Tole-

63 2533 155 2562 tanus
183 2529 378 2571 persequitur
404 2530 504 2562 Socie-

63 2577 171 2606 tatem.

45 2663 121 2694 1552
134 2663 333 2695 Perturbatio
347 2673 460 2705 magna
472 2663 504 2695 in

65 2707 152 2739 Prov.
191 2707 371 2740 Dasitaniae:
410 2708 505 2740 disce-

65 2752 145 2783 dunt
154 2752 212 2783 130
222 2762 237 2783 e
247 2752 411 2785 Societate.
422 2752 514 2784 Mich.

65 2796 103 2828 de
135 2796 252 2835 Torres,
285 2796 396 2829 missus
428 2797 506 2829 Visi-

66 2843 150 2872 tator
162 2851 226 2872 rem
240 2841 408 2882 componit.
423 2861 461 2864 ——
474 2843 505 2874 C.

68 2885 311 2926 Ulyssipone‘nse.

272 3073 309 3103 22

561 491 731 524 Vormatioe.

540 571 616 603 1545
629 570 729 612 Jajus,
745 571 821 602 1546
833 571 946 603 Lainez
959 574 991 602 et

558 615 717 647 Salmeron
773 615 909 647 Tridenti
959 615 990 646 in

559 659 702 691 Concilio.
735 659 825 701 Jajus
842 663 874 690 et
889 659 990 691 Boba-

560 703 634 736 dilla
656 708 801 736 recusant
822 703 991 744 Episcopa-

561 753 628 780 tum
640 748 863 790 Tergestinum.
890 748 990 779 Boba-

561 793 636 825 dilla
658 793 798 834 sequitur
820 792 989 824 exercitum

560 837 760 879 imperialem,
808 836 989 868 vulneratur

560 883 592 914 in
603 892 709 924 pugna
721 882 805 923 apud
817 881 988 923 Miihlberg.

541 972 677 1004 1545—6
702 970 841 1003 Canisius
867 980 886 1002 a
911 969 989 1002 clero

560 1020 592 1048 et
603 1016 806 1047 universitate
818 1014 989 1047 Coloniensi

560 1060 599 1092 ad
621 1060 763 1092 Carolum
780 1060 816 1092 V.
842 1059 988 1097 mittitur,

560 1109 596 1136 ut
611 1115 699 1146 opem
715 1108 824 1136 contra
838 1104 989 1136 Herman-

560 1160 634 1181 num
656 1160 675 1181 a
698 1149 785 1181 Wied
805 1148 958 1190 imploret.

540 1239 616 1270 1547
659 1238 797 1270 Canisius
829 1237 989 1279 theologus

558 1283 590 1315 in
625 1283 751 1315 concilio
786 1283 925 1314 Tridenti
959 1287 989 1314 et

564 1328 719 1361 Bononiae.

541 1719 618 1751 1548
640 1719 688 1751 Ob
709 1718 838 1760 justum,
861 1718 914 1750 sed
935 1718 991 1750 im-

559 1764 745 1805 prudentem
764 1763 862 1795 zelum
883 1767 992 1795 contra

558 1808 729 1846 „Interin1“
742 1808 906 1840 Bobadilla
918 1818 991 1840 exu-

558 1853 621 1885 lare
651 1853 779 1894 jubetur
809 1863 824 1885 c
856 1852 990 1885 statibus

558 1897 777 1939 imperialibus.

540 1996 616 2028 1549
631 1996 770 2028 Canisius
785 2000 817 2028 et
830 1995 990 2027 Salmeron

559 2040 739 2081 Imjolstadii
758 2041 797 2072 ad
818 2040 990 2072 docendam

559 2085 755 2127 theologiam.

541 2486 617 2518 1552
654 2487 684 2518 G.
723 2486 900 2524 Viennense,
937 2486 990 2518 ubi

560 2531 588 2562 6.
617 2530 695 2572 Aug.
724 2530 856 2563 moritur
882 2530 988 2563 Claud.

560 2575 660 2617 Jajus.

541 2664 618 2696 1552
646 2664 753 2696 Romae
780 2664 919 2706 Ignatius
945 2664 991 2696 in-

561 2708 655 2740 choat
674 2710 705 2741 C.
723 2708 941 2741 Germanicum.

749 3072 787 3104 23

1022 1239 1145 1275 Angliae
1156 1248 1283 1279 regnum
1291 1237 1348 1269 sub
1355 1237 1474 1269 Eduar-

1043 1283 1082 1314 do
1124 1282 1177 1314 VI.
1222 1282 1418 1313 1547—1553
1460 1292 1475 1313 e

1043 1327 1208 1358 schismate
1262 1326 1476 1367 praecipitatur

1042 1372 1074 1403 in
1098 1371 1236 1403 haeresin.
1282 1371 1474 1403 Gubernium

1043 1420 1174 1457 usurpat
1229 1415 1474 1457 jurisdictionem

1043 1460 1290 1493 ecclesiasticam.
1308 1480 1345 1482 —
1359 1460 1475 1492 Princi-

1042 1505 1131 1547 pissae
1170 1505 1276 1537 Mariae
1315 1504 1474 1537 catholicae

1043 1560 1105 1581 non
1130 1549 1246 1582 licebat
1271 1549 1377 1581 audire
1404 1550 1474 1581 mis-

1044 1605 1120 1632 sam,
1138 1595 1196 1626 nisi
1211 1598 1283 1636 post
1297 1594 1397 1626 minas
1415 1594 1475 1625 Im—

1043 1639 1202 1680 peratoris.

1024 1996 1100 2028 1549
1140 1996 1308 2032 „Common
1358 1995 1475 2036 Prayer

1033 2040 1149 2072 Book'·

1230 3071 1269 3102 24

1507 447 1592 478 1545.
1611 447 1658 479 29.
1677 447 1768 479 Mart.
1801 447 1837 478 In
1860 447 1981 479 Indiam
2003 447 2124 489 profici-

1527 495 1655 523 scuntur
1679 493 1832 523 Antonius
1855 493 2035 529 criminalis,
2060 494 2123 524 Nic.

1526 538 1710 573 Laneilotus,
1742 538 1877 568 Joannes
1903 538 1939 567 tle
1966 538 2064 569 Beira.

1506 669 1583 700 1545
1618 669 1772 701 Xaverius
1797 668 1926 710 appellit
1959 669 1998 700 ad
2023 669 2124 700 Mala-

1526 723 1590 745 cam
1616 717 1647 745 et
1673 714 1749 745 1546
1776 713 1878 745 tendit
1902 713 1934 745 in
1959 714 2122 745 Moluceas.

1506 1059 1582 1091 1547
1623 1058 1696 1090 Sim.
1740 1058 1913 1100 Rodriguez
1953 1059 2054 1090 mittit
2093 1058 2125 1090 in

1526 1103 1661 1144 Gonqwm
1701 1103 1908 1135 missionarios
1960 1103 2125 1145 Georgium

1526 1148 1678 1186 Vasaeum,
1690 1147 1945 1189 Christophorum
1955 1147 2124 1186 Riberium,

1526 1192 1680 1224 <Iacobum
1709 1192 1860 1230 Diasium,
1890 1192 2045 1224 Didacum
2071 1192 2126 1225 So-

1527 1236 1677 1268 veralium
1722 1237 1872 1277 (nondum
1921 1236 2126 1277 sacerdotem)

1528 1292 1597 1313 cum
1638 1291 1698 1313 uno
1731 1281 1919 1323 Coadjutore
1968 1300 2005 1303 -—
2049 1281 2125 1312 1548

1529 1326 1700 1358 Tituanum
1714 1326 1906 1358 Ludovicum
1923 1325 2125 1358 Gonsalvium

1528 1376 1560 1402 et
1588 1371 1742 1402 Joannem
1766 1371 1903 1402 Nunium
1933 1381 2003 1402 cum
2027 1370 2126 1402 Coad-

1527 1416 1638 1457 jutore.

1509 1638 1585 1670 1549
1596 1637 1727 1669 Petente
1738 1637 1757 1669 J
1760 1647 1859 1669 oanne
1873 1637 1930 1669 III.
1942 1640 2126 1669 Emmanuel

1527 1685 1665 1721 Nobi-ega
1687 1692 1757 1714 cum
1780 1682 1797 1713 4
1810 1682 1898 1714 sociis
1917 1681 1949 1714 in
1965 1684 2126 1714 Brasiliam

1528 1727 1665 1769 navigat.

1508 1861 1584 1892 1549
1616 1862 1764 1891 xaverius
1794 1859 1911 1901 primus
1942 1859 2042 1892 Indiae
2073 1869 2126 1892 seu

1527 1909 1576 1938 Pr.
1599 1906 1715 1937 Goanae
1735 1904 1946 1937 Provincialis.

1508 2039 1593 2071 1549.
1631 2040 1657 2071 7.
1682 2038 1754 2070 Feb.
1804 2040 1985 2077 crlmInalls,
2011 2040 2127 2076 primus

1528 2086 1645 2122 Mai-tyr
1667 2083 1699 2115 in
1729 2082 1827 2115 India.
1854 2102 1884 2105 —

1509 2217 1554 2249 15.
1583 2217 1662 2258 Aug.
1686 2216 1762 2248 1549
1788 2235 1826 2238 —
1858 2216 1905 2248 20.
1941 2216 2020 2248 Nov.
2049 2215 2125 2248 1551

1527 2261 1682 2293 Xaverius
1717 2261 1800 2302 (cum
1831 2260 1865 2292 P.
1887 2261 1998 2293 Torrez
2025 2264 2057 2292 et
2074 2260 2124 2292 Fr.

1522 2305 1716 2347 Fernandez)
1739 2305 1771 2337 in
1795 2308 1937 2344 Japonia.

1507 2441 1655 2471 Barzaeus
1674 2439 1790 2480 (Baertz
1810 2439 1829 2480 †
1849 2439 1939 2480 1553)
1958 2448 1996 2470 ex
2015 2437 2126 2470 Armu-

1526 2484 1575 2516 zia
1608 2483 1747 2525 (Ormus)
1795 2486 1926 2515 vocatur
1957 2482 2051 2515 Goam
2091 2486 2127 2515 ut

1527 2532 1628 2561 rector
1642 2528 1731 2560 istius
1747 2527 1880 2569 Collegii.

1508 2662 1594 2694 1552.
1631 2662 1658 2694 2.
1687 2661 1760 2694 Dec.
1793 2664 1841 2695 Fr.
1876 2663 2026 2693 xaverius
2058 2671 2127 2702 pro-

1526 2707 1663 2739 fecturus
1689 2706 1721 2737 in
1748 2705 1878 2738 Chinam
1904 2725 1942 2728 —
1968 2705 2000 2737 in
2026 2705 2127 2737 insula

1526 2750 1659 2783 Sanoian
1680 2752 1818 2782 moritur.

1506 2843 1540 2874 Ρ.
1556 2841 1682 2871 Mendez
1697 2839 1728 2871 111
1745 2849 1797 2871 ora
1813 2838 1952 2871 Pisearia
1972 2838 1992 2880 †
2007 2841 2127 2880 martyr

1526 2886 1610 2934 etp·
1631 2886 1733 2934 yallez
1754 2884 1774 2925 †
1794 2883 1825 2915 vi
1846 2887 2072 2915 tormentorum
2095 2886 2128 2914 et

1525 2932 1746 2970 prlvationum.

1793 3069 1831 3101 25
