2372 3550
825 252 943 298 summi
964 268 1139 304 Pontifices,

290 292 426 321 Historia
446 291 703 327 contemporanea
812 313 938 343 Litterae
959 313 1148 349 Apostofieae

1385 312 1547 342 Generales

1223 267 1385 304 Praepositi
1406 251 1712 304 esdongregat'iones

1922 292 2022 328 Italia,
2042 293 2140 322 Gallia

217 419 313 451 Germ.
331 419 546 451 Ferdinandus
566 418 624 451 III.
644 418 761 450 1637—
795 418 880 450 1638.
893 419 920 450 2.
932 418 1107 450 DeoAZz‘as
1116 418 1163 458 sel.

239 464 326 496 1657.
813 473 867 494 ree.
891 466 1062 500 indulgentia
1079 466 1167 500 plena-

815 507 855 533 ria
868 506 1022 532 conceditur
1033 506 1167 532 visitanti·
1200 507 1286 539 1639.
1307 507 1353 538 11.
1371 506 1445 538 Jun.
1467 506 1580 546 Epist.:
1599 509 1639 536 De
1652 510 1728 536 dura-

816 542 866 568 bus
878 542 1014 569 (560185Ῐᾶ111
1025 542 1051 568 S·
1062 542 1079 568 J
1082 563 1087 568 -
1097 542 1166 568 festo
1223 551 1296 576 tione
1318 550 1443 585 praecepti
1463 549 1628 577 obedientiae.

816 577 842 604 S.
857 577 951 604 Franc.
966 578 1084 604 Xaveru.

1764 419 1840 450 1637
1859 419 1976 451 Melitae
1995 420 2106 451 seditio
2127 423 2236 452 exorta
2255 431 2307 452 ex-

1782 463 1864 504 pulit
1877 463 1899 495 J
1900 463 2025 503 esuitas,
2041 474 2111 496 oum
2125 464 2201 505 ipsis
2215 474 2308 506 agen-

1782 507 1867 539 tibus
1883 508 2122 549 prohiberentur
2137 509 2307 550 Equitibus

1782 552 1949 593 juvenibus
1988 553 2168 594 voluptates
2206 553 2308 585 libidi-

1783 606 1876 629 nosae.
1905 597 1949 628 At
1967 597 2132 629 Pontificis
2153 601 2185 629 et
2204 597 2308 629 Ludo-

1783 641 1844 672 vioi
1859 641 1953 673 XIII.
1969 642 2189 674 intercessione
2209 652 2228 673 a
2242 642 2309 674 Ma-

1782 695 1843 726 gno
1859 685 2009 728 Magistro
2025 686 2152 718 Lascari
2173 696 2248 718 mox
2263 696 2309 718 re-

1783 730 1889 761 vocati
1910 734 1992 762 sunt.

1200 861 1286 893 1639.
1311 860 1358 893 15.
1383 862 1464 894 Nov.
1491 861 1642 902 Epistola:
1690 865 1730 891 De
1765 863 1851 895 1639.
1872 863 1919 895 27.
1939 863 2025 905 Sept.
2046 864 2150 896 Romoe
2167 864 2309 906 incepere

1224 914 1294 931 armo
1312 905 1436 931 saecularz'
1455 905 1603 932 Societatis.

220 1130 297 1161 1640
317 1130 430 1162 Editur
448 1130 481 1161 in
500 1129 601 1161 lucem
621 1130 762 1161 Jansenii

239 1175 273 1216 (†
293 1175 385 1216 1638)
407 1174 652 1216 ‚‚Augustinus“‚
675 1175 762 1206 dam-

239 1222 333 1251 natus
355 1219 395 1251 ab
413 1219 541 1257 Urbano
558 1219 646 1252 VIII.
672 1220 759 1251 1642.

795 1130 881 1162 1641.
900 1130 946 1161 23.
964 1129 1044 1171 Aug.
1062 1130 1104 1162 In
1119 1130 1167 1162 his

814 1174 998 1206 auctoritatis
1037 1178 1157 1207 nostroe:

815 1226 870 1244 non
903 1218 1028 1244 obstante
1061 1218 1168 1245 decreto

817 1254 959 1280 Clementis
980 1254 1056 1280 VIII.
1077 1262 1167 1280 omnes

816 1289 975 1316 confessario
1038 1290 1168 1324 deputato

816 1325 1004 1357 confiteantur,
1028 1326 1169 1360 quinquies

816 1369 879 1387 vero
904 1361 947 1387 vel
971 1361 1055 1387 sexies
1080 1363 1168 1388 extra-

816 1396 959 1423 ordinario.

1240 1158 1283 1183 Pr.
1299 1157 1446 1184 Germaniae
1467 1159 1611 1190 superioris
1626 1159 1702 1185 1642.

1249 1203 1316 1233 pr.
1332 1202 1517 1237 Landspergae,

1249 1247 1315 1278 pr.
1333 1246 1477 1281 Oettingae;

1249 1292 1276 1317 C.
1302 1291 1489 1326 Ambergense,
1523 1292 1719 1326 Augustanum,

1215 1326 1440 1367 8urghusianum,
1451 1327 1662 1358 Constantiense,
1674 1327 1720 1353 Di-

1215 1362 1352 1396 hnganum
1374 1371 1434 1389 eum
1449 1364 1493 1389 cv.
1510 1362 1535 1389 S.
1554 1363 1719 1396 Hieronymi,

1216 1398 1388 1430 Eistettense,
1409 1398 1583 1432 Fn'burgense
1602 1398 1720 1433 (Brisg.),

219 1352 290 1385 Dus.
315 1352 452 1385 Joannes
476 1352 529 1385 IV.
553 1353 759 1385 1640—1656.

1216 1434 1390 1468 Friburgense
1406 1434 1518 1468 (Helm),
1536 1433 1659 1466 Halense,
1678 1435 1720 1460 In-

1216 1469 1401 1504 golstadiense,
1415 1469 1656 1501 Landishutanum,
1670 1470 1720 1496 Lu-

1217 1513 1348 1536 cemense,
1386 1505 1628 1537 Mindelhemiense,
1665 1506 1720 1532 Mo-

1216 1549 1337 1572 nacmse,
1364 1541 1560 1576 Neoburgense‚
1588 1541 1720 1576 Oenipon-

1216 1579 1320 1608 tanum,
1353 1576 1556 1608 Ratisbonense,
1590 1577 1720 1603 Tridenti-

1216 1620 1293 1644 num;

1249 1657 1282 1682 R.
1330 1656 1485 1688 Tannensis,
1534 1656 1720 1689 Kaufburana,

1216 1691 1426 1726 Straubingana;

1249 1737 1286 1762 Μ.
1329 1736 1520 1769 Sulzbacensis,
1564 1737 1719 1770 Weidensis⁷

1216 1771 1480 1804 Tiirsohenreitensis,
1527 1772 1719 1805 Lindaviensis,

1215 1807 1378 1839 Elvaoensis,
1405 1808 1606 1843 Giippingensis,
1632 1809 1719 1835 Stutt-

1216 1843 1352 1877 gardiana,
1374 1843 1539 1878 Tubingana‚
1562 1844 1719 1871 Baohanan-

1215 1879 1310 1913 gensis,
1329 1879 1585 1914 Hiltpolsteinensis3

1382 1923 1440 1950 Sao.
1497 1923 1548 1950 340

1382 1959 1468 1986 Schol.
1498 1959 1548 1985 120

1382 1994 1462 2021 Goad.
1498 1995 1548 2021 140

1382 2043 1452 2070 Socii
1497 2043 1548 2070 600

218 1753 496 1830 GizglssLudovious
519 1753 607 1786 XIV.
633 1754 711 1786 1643
724 1774 768 1777 —›

221 2154 306 2186 1643.
325 2155 372 2187 11.
391 2154 459 2187 Oet.
479 2155 499 2196 †
514 2155 559 2188 St.
577 2155 680 2196 Cyran
696 2155 761 2196 (Du

239 2198 354 2241 Verger
392 2199 430 2231 de
469 2199 647 2242 Hauranre)
686 2199 762 2231 Jan-

239 2243 364 2319 &nlilsmi
385 2247 545 2285 promotor
565 2244 707 2285 princeps
729 2244 761 2276 in

268 2298 287 2319 a
322 2298 349 2320 a.

795 2155 880 2186 1643.
909 2155 956 2186 26.
983 2155 1073 2187 Febr.
1103 2155 1167 2187 Ho-

802 2209 909 2230 norum
919 2199 1165 2240 diynitatumque:

816 2244 911 2269 votum
944 2250 999 2269 non
1033 2243 1168 2270 ambiendi

817 2278 918 2312 obligat
941 2279 1022 2305 etiam
1046 2279 1167 2305 dimissos

816 2316 844 2340 et
869 2314 1014 2341 translatos
1041 2315 1076 2341 ad
1102 2315 1167 2341 alias

815 2349 962 2384 religiones.

218 2554 318 2630 8343&
329 2553 487 2586 Christina
514 2555 619 2597 (1632)
647 2555 764 2587 1644-

795 2645 991 2675 1644—1655
1015 2645 1166 2674 Innocen-

813 2689 874 2719 tius
894 2689 932 2720 X.

222 2865 308 2897 1645.
324 2865 371 2898 29.
385 2864 465 2907 Aug.
482 2865 502 2907 †
516 2865 608 2907 Hugo
623 2865 759 2904 Grotius,
1199 2865 1285 2897 1645.
1308 2866 1335 2897 9.
1358 2865 1448 2898 Febr.
1472 2865 1492 2907 †
1513 2868 1629 2897 Mutius
1639 2867 1732 2896 Vitel-

240 2918 321 2959 unus
338 2919 376 2941 ex
386 2909 573 2942 doctissimis
593 2909 696 2942 saeeuli
712 2910 759 2942 17.
1217 2911 1322 2942 leschi.

241 2963 325 2986 vms.

467 3087 524 3119 178
949 3086 1007 3118 179
1432 3087 1491 3119 180

1784 907 1866 938 Socii
1889 907 2043 940 celebrare
2068 908 2310 940 anniversarium

1784 951 1975 983 centesimum
1996 956 2080 985 natae
2102 953 2310 985 confirmatae-

1786 1006 1845 1037 que
1868 996 2033 1029 societatis
2055 1007 2112 1038 per
2134 998 2238 1030 varias
2263 1007 2310 1029 so-

1784 1041 1972 1080 lemnitates,
1990 1042 2145 1074 orationes
2163 1046 2222 1075 ete.
2241 1052 2310 1084 quae

1784 1086 1940 1127 impressis
1968 1086 2063 1117 etiam
2090 1086 2171 1118 foliis
2198 1087 2310 1119 descri-

1786 1130 1912 1162 buntur.

1767 1264 1853 1296 1640.
1887 1262 2023 1295 Nomina
2045 1264 2156 1296 dedere
2177 1265 2308 1307 Congre-

1785 1309 1904 1349 gationi
1914 1308 2146 1340 Communionis
2157 1309 2308 1351 generalis

1786 1353 1832 1393 (in
1861 1354 1892 1385 C.
1920 1353 2064 1385 Romano
2093 1354 2215 1396 erectae)
2241 1364 2309 1395 per-

1787 1407 1870 1429 sonae
1893 1398 2019 1429 omnino
2041 1398 2127 1430 1000.

1766 1531 1853 1563 1640.
1888 1531 1936 1563 31.
1963 1531 2038 1563 Deo.
2075 1531 2094 1573 †
2128 1533 2309 1563 Franciscus

1785 1577 1888 1612 Regis.

1768 1754 1843 1785 1641
1873 1753 2056 1785 Pistoriense
2083 1755 2114 1786 G.
2143 1754 2309 1796 aequisivit

1787 1798 1965 1830 commodas
1981 1798 2021 1829 ad
2036 1798 2155 1830 scholas
2170 1799 2260 1838 aedes,
2276 1799 2309 1830 in

1787 1842 1899 1884 quibus
1936 1842 2120 1874 erudiuntur
2155 1843 2308 1875 scholares

1785 1897 1879 1929 supra
1892 1887 1959 1919 100.
1975 1887 2175 1919 Convictores
2188 1887 2308 1920 nobiles

1785 1935 1859 1963 sunt
1879 1931 1981 1973 plures
2004 1942 2098 1973 quam
2118 1932 2167 1965 50.

1765 2109 1842 2141 1643
1873 2109 1976 2141 Jacob.
2009 2109 2116 2148 Dinet,
2154 2120 2309 2142 successor

1783 2154 1949 2193 Sirmondi,
1984 2154 2179 2186 Ludovioum
2211 2154 2306 2187 XIII.

1783 2198 2005 2230 moribundum
2031 2202 2139 2231 movet
2166 2198 2207 2230 ad
2231 2199 2308 2231 libe-

1783 2243 1896 2275 randos
1928 2243 2070 2284 captivos
2100 2243 2244 2284 politicos
2276 2247 2308 2275 et

1783 2287 1974 2319 revocandos
1989 2287 2102 2326 exules,
2119 2288 2160 2319 ad
2173 2291 2307 2320 matrem

1783 2331 1892 2364 melius
1916 2332 2124 2371 tractandam,
2149 2332 2190 2364 ad
2213 2342 2308 2364 onera

1784 2376 1995 2408 diminuenda.

1764 2642 1833 2674 Hoe
1857 2646 1996 2684 tempore
2020 2642 2249 2674 missionarium
2272 2642 2306 2675 in

1783 2687 1948 2719 Britannia
1967 2687 2080 2718 minori
2100 2697 2189 2729 agere
2209 2687 2306 2729 ooepit

1783 2736 1815 2763 et
1828 2741 1884 2773 per
1898 2732 1937 2762 40
1953 2741 2050 2763 annos
2064 2731 2098 2763 in
2114 2741 2148 2763 eo
2163 2741 2305 2773 perseve-

1781 2776 1866 2807 ravit
1901 2777 2002 2806 Julius
2033 2777 2177 2807 Maunoir
2209 2776 2238 2808 S.
2273 2776 2302 2808 J.

1782 2820 1816 2862 (†
1835 2820 1883 2852 28.
1904 2820 1977 2852 Jan.
1998 2820 2098 2862 1683).

1997 3085 2054 3117 181
