2372 3550
126 331 285 369 Hispania,
305 330 464 360 Lusitania
478 296 545 405 ‘j
611 329 785 365 Germania,
807 329 947 365 Belgium
1130 328 1253 364 Anglia,
1274 327 1402 358 Polonia
1680 324 1840 355 missiones
1861 323 1977 354 exterae

60 460 136 492 1699
158 458 320 490 Laudatur
341 457 452 488 ardens
474 467 521 488 ze·
554 456 749 488 1700—1701
830 456 1006 486 Fredericus

78 504 125 535 lus
160 502 311 534 sociorum
346 511 454 533 senum
488 501 521 532 in
573 502 731 531 Ladislaus
759 501 855 531 wolfi
881 501 918 530 de
945 501 1006 530 Lu-

1524 452 1601 484 1700
1622 451 1658 483 In
1677 450 1772 483 India
1791 450 1935 483 orientali
1957 452 2022 483 Jos.
2043 451 2146 483 const.

1115 481 1158 506 ᾗ·
1174 480 1321 511 Angneana
1338 481 1414 507 ¹⁷⁰⁰'
1543 497 1652 527 Beschi
1682 496 1826 527 imitatur
1854 495 1982 527 Patrem
2013 495 2052 526 de
2084 495 2146 526 No-

573 546 764 582 dinghausen
789 547 821 575 et
844 545 1006 574 Mauritius
1084 533 1355 565 pr-Wattenensis;
1544 541 1598 572 bili
1622 540 1756 572 vivendo
1780 544 1818 572 ut
1841 539 2066 571 Brachmanus.

573 591 653 620 Vota
674 588 758 630 apud
780 589 930 620 Caesarem
953 587 1006 619 ad·
1051 576 1479 647 Asdogaffr‘eqnffglsfs'mffiingfnisgel

1051 649 1127 680 natii,
1154 648 1351 683 Apostolorum,
1380 648 1406 675 S.
1426 647 1480 673 Xa-

79 550 151 585 Dpr.
188 546 431 588 Ulyssiponensi,
468 545 522 586 qui

79 601 141 623 non
160 590 259 622 solum
277 591 310 621 in
329 589 446 631 templo
465 599 521 621 suo

79 635 259 667 sodalitates
306 634 445 676 dirigunt
491 637 523 665 et

79 679 311 717 concionantur,
342 678 396 710 sed
426 678 521 710 etiam

77 724 110 756 in
130 723 197 755 aliis
217 723 350 755 ecclesiis
369 726 401 754 et
420 732 522 754 coeno-

79 768 147 806 biis,
176 772 208 799 et
233 777 344 809 pueros
372 771 404 799 et
429 767 522 798 rudes

79 812 233 845 catechesi
248 812 419 844 instruunt.

573 633 688 675 juvant
706 633 876 674 principem
895 632 1006 663 Frede-

574 678 672 709 ricum
698 678 850 709 Borussiae
875 677 945 715 HL,
970 680 1007 707 ut
1051 683 1125 715 veni,
1144 684 1170 710 S.
1185 684 1292 710 Thomae
1309 684 1481 710 Cantuarien-

575 732 689 754 corona
706 722 790 763 regia
807 721 956 762 potiatur.
1051 719 1095 751 sis,
1124 719 1150 746 S·
1172 719 1293 760 'Cea-ddae,
1316 719 1347 760 B,-
1370 719 1481 753 Aloysfi,

1052 755 1236 789 Conceptionis
1254 755 1285 781 B.
1296 755 1327 782 V.
1337 754 1481 786 immacul„

1052 791 1078 817 S.
1094 790 1227 825 Hugonis;

1081 836 1114 861 R.
1121 834 1165 861 SS.
1171 834 1316 866 Michaelis,
1322 834 1482 866 Winefridae,

1052 870 1164 897 ‚Ioannis
1179 870 1239 901 Ev.,
1255 870 1368 904 Georgii,
1383 870 1482 902 Man‘ae,

1053 906 1084 932 Β.
1107 906 1244 937 Stanislai;
1266 906 1294 931 in
1315 905 1483 939 Marylandia

1053 941 1135 982 (socii
1146 941 1307 975 10)‚inaliis
1319 942 1482 975 Pr·(41)-—-
1529 940 1605 972 1702
1633 940 1669 971 In
1695 939 1794 971 lucem
1820 939 1926 980 prodit
1953 939 1976 971 I.
2004 938 2152 970 volumen

1054 977 1186 1004 Videntur
1204 985 1260 1003 ‘²³⁸⁶
1548 995 1586 1016 ex
1605 984 1747 1023 „Lettres
1765 984 1929 1016 edifiantes
1948 988 1980 1015 et
1998 983 2153 1015 curieuses

1549 1029 1603 1061 des
1635 1028 1872 1086 ⁸missionnaires
1914 1028 1952 1060 de
1992 1027 2024 1060 la
2064 1028 2153 1060 Com-

1549 1083 1660 1115 pagme
1686 1099 1691 1105 .

61 946 139 978 1700
162 947 231 978 Gul.
248 947 433 977 Daubenton
452 954 523 976 con-

80 990 224 1022 fessarius
243 989 380 1031 Philippi
399 989 436 1022 V.
458 989 525 1021 Hu-

80 1035 130 1077 jus
146 1034 250 1066 Patris
266 1038 299 1066 et
315 1043 524 1066 successorum

82 1089 175 1121 opera
188 1078 354 1111 curialibus
367 1078 526 1110 machina-

81 1123 219 1156 tionibus
238 1123 395 1155 diffieilior
418 1123 526 1154 redde-

82 1168 185 1206 batur,
226 1168 380 1209 dynastiae
419 1171 526 1198 tamen

82 1212 172 1244 favor
201 1222 273 1254 erga
301 1212 369 1244 Soc.
400 1222 439 1243 ne
468 1211 526 1243 sub

83 1257 163 1289 bello
182 1257 381 1288 successionis
401 1255 526 1298 quidem

83 1301 267 1333 imminutus
289 1305 344 1333 est.

1138 1021 1196 1048 Sac.
1265 1021 1315 1047 210

1138 1057 1224 1083 Schol.
1282 1057 1315 1083 85
1334 1021 1348 1126 ἒ
1366 1056 1415 1083 337

1138 1092 1219 1119 Coad.
1282 1093 1315 1118 42

1048 1342 1244 1373 1701—1714
1279 1341 1401 1373 Acerba
1435 1351 1500 1373 sors
1535 1340 1628 1372 Initio
1645 1339 1749 1372 saeculi
1771 1340 1820 1371 18ἰ
1838 1340 1981 1370 Claudius
1998 1340 2109 1370 Duban
2126 1339 2158 1370 in

1067 1387 1258 1418 Jesuitarum
1280 1387 1312 1418 in
1332 1385 1413 1417 bello
1434 1396 1501 1427 sep·
1553 1384 1674 1416 Crimea
1690 1384 1834 1426 mitigare
1852 1388 1984 1416 conatur
2001 1383 2158 1416 miseriam

562 1433 639 1465 1703
658 1432 847 1464 Sodalitates
868 1433 884 1463 7
903 1431 1015 1463 Maria·
1068 1430 1257 1463 tentrionali.
1554 1429 1780 1470 mancipiorum
1802 1429 1834 1470 (†
1855 1429 1883 1460 4.
1907 1428 1992 1470 Sept.
2017 1428 2118 1470 1735).

582 1487 630 1509 nae
653 1477 768 1509 florent
791 1477 823 1508 in
847 1478 879 1508 C.
904 1476 1016 1507 Mona-

583 1522 672 1560 censi,
702 1522 784 1553 inter
813 1531 889 1562 quas
918 1520 1018 1552 civica

582 1567 737 1609 praecipue
757 1566 868 1598 crescit
887 1574 1016 1596 numero

584 1616 616 1643 et
651 1611 779 1652 pietate.
837 1610 1017 1642 Conventus

584 1656 630 1688 ita
650 1656 727 1687 bene
747 1655 960 1696 frequentant,
982 1657 1018 1685 ut

585 1700 680 1732 etiam
691 1703 830 1741 tempore
841 1699 1018 1731 absentium

585 1744 731 1783 militum,
758 1754 828 1776 cum
853 1744 936 1775 cives
960 1743 1019 1774 300
1053 1743 1130 1774 1703
1145 1744 1175 1775 C.
1191 1742 1372 1774 Lublinense
1394 1751 1503 1784 graves
1538 1741 1615 1772 1703
1641 1739 1766 1772 Carolus
1793 1740 1928 1772 Thomas
1953 1739 2098 1772 Maillard
2124 1739 2162 1771 de

586 1789 723 1821 excubiis
745 1789 784 1820 ad
806 1792 912 1829 portas
934 1787 1018 1819 urbis
1072 1787 1317 1819 contributiones
1333 1788 1430 1818 Sueco
1447 1786 1504 1818 sol·
1558 1785 1713 1823 Tournon,
1736 1784 1920 1816 Patriarcha
1936 1784 2161 1822 Antiochenus,

587 1833 731 1875 occupati
753 1837 865 1871 essent,
889 1832 942 1863 vix
964 1832 1020 1863 mi·
1073 1841 1143 1863 vere
1181 1832 1310 1873 cogitur,
1350 1831 1403 1873 qui
1441 1841 1505 1863 om·
1558 1834 1594 1862 ut
1620 1829 1771 1861 Visitator
1797 1829 1994 1871 Apostolicus
2022 1833 2054 1860 et
2080 1828 2163 1870 lega-

587 1888 644 1910 nor
671 1887 817 1909 numerus
845 1877 939 1909 fuerit
967 1887 1020 1907 no·
1073 1877 1126 1908 nia
1158 1876 1300 1908 cubicula
1332 1879 1505 1917 perscruta·
1559 1879 1609 1906 tus
1630 1884 1649 1906 a
1667 1874 1763 1906 latere
1783 1884 1854 1906 cum
1873 1873 2079 1905 facultatibus
2099 1873 2163 1905 fere

588 1927 684 1955 tatus,
1074 1926 1134 1953 tur.
1557 1919 1724 1951 illimitatis
1746 1918 1779 1950 in
1800 1917 1925 1950 Indiam
1947 1917 2036 1950 venit
2058 1921 2090 1950 et
2113 1917 2165 1949 de-

1560 1967 1643 1996 creto
1665 1963 1694 1995 d.
1717 1964 1763 1996 11.
1785 1962 1848 1995 Jul.
1870 1963 1948 1994 1704
1968 1962 2046 1994 ritus
2065 1961 2164 1994 mala-

1559 2008 1673 2040 baricos
1708 2007 1868 2049 hucusque
1908 2007 2057 2039 toleratos
2094 2016 2166 2039 con-

1561 2052 1724 2085 demnavit
1754 2056 1787 2085 et
1817 2051 1929 2084 vetuit.
1962 2051 2166 2084 Resistebant

1562 2097 1694 2138 archiep.
1718 2097 1845 2129 Goanus
1871 2100 1903 2128 et
1923 2096 2014 2137 episc.
2038 2096 2068 2128 S.
2087 2095 2168 2127 Tbe-

1562 2151 1621 2174 mae
1635 2142 1774 2183 itemque
1789 2141 1929 2179 Jesuitae‚
1958 2140 2081 2172 ruinam
2096 2140 2168 2172 mis-

1562 2187 1656 2218 sionis
1672 2186 1829 2218 timentes.

66 1435 143 1467 1703
178 1435 211 1466 in
248 1434 419 1471 Lusitania,
457 1443 527 1465 cum

86 1479 223 1511 Nuntius
239 1479 426 1520 apostolicus
442 1488 461 1510 a
475 1479 529 1510 So-

87 1524 200 1556 cietate
234 1523 432 1561 Quindennia
461 1523 529 1564 (pro

86 1568 233 1610 Annatis)
249 1568 286 1600 de
302 1568 390 1599 bonis
406 1577 530 1608 exemp-

87 1613 127 1645 tis
148 1612 330 1654 postularet,
352 1612 531 1643 Provincia-

87 1657 124 1689 lis
149 1657 316 1699 denegavit
339 1660 372 1688 et
394 1667 448 1688 rex
473 1656 530 1688 sub

88 1712 183 1743 poena
204 1701 288 1733 exilii
310 1701 421 1733 vetuit.

71 1835 115 1867 At
131 1835 226 1877 Papae
243 1835 302 1876 ipsi
320 1834 443 1876 urgenti
462 1834 533 1865 obe-

92 1880 211 1912 dientes
238 1879 342 1912 Socios
369 1889 423 1911 rex
451 1879 534 1910 clau-

92 1924 194 1956 dendo
210 1924 383 1956 novitiatus
399 1923 534 1965 punivit.

75 2147 153 2179 1716
180 2146 308 2178 tandem
341 2145 539 2184 Quindennia

95 2190 212 2223 solvere
225 2191 409 2233 permissum
423 2190 466 2222 eis
480 2193 537 2222 est.

78 2369 156 2401 1704
178 2368 208 2401 S.
231 2368 413 2400 Franciscus
436 2368 540 2399 Xave-

97 2413 161 2445 rius
198 2413 355 2445 communi
391 2422 541 2444 consensu

98 2457 272 2490 nobilitatis
289 2460 321 2489 et
335 2457 443 2499 populi
459 2457 542 2498 eligi-

99 2506 151 2534 tur
166 2501 321 2534 Patronus
338 2501 476 2533 civitatis
488 2501 542 2533 Ge-

99 2546 226 2580 tobricoe.

1060 2367 1137 2398 1704
1151 2366 1376 2398 continuantur
1396 2369 1428 2398 et
1449 2376 1511 2398 cre-

1079 2415 1172 2443 scunt
1199 2411 1390 2449 vexationes,
1416 2410 1511 2442 etiam

1079 2455 1210 2487 aliorum
1232 2457 1263 2488 0.

82 2679 277 2712 1700—1705
310 2679 464 2711 Numerus
495 2678 545 2720 ju-

101 2734 226 2763 venum,
252 2724 306 2766 qui
329 2724 362 2756 in
386 2725 417 2756 G.
442 2723 545 2755 Mont-

102 2768 246 2808 fortensi,
298 2767 545 2810 Villagarciensi‚

102 2813 361 2855 Compostellano‚
383 2812 546 2854 Pampelo—

102 2858 199 2897 nensi,
210 2857 370 2899 Brugensi,
381 2856 549 2899 Legionen-

103 2902 129 2934 si
163 2901 397 2934 humanioribus
432 2901 546 2933 litteris

577 2678 664 2711 1705.
686 2678 734 2711 30.
756 2678 830 2710 Dec.
852 2677 946 2710 Clem.
968 2676 1027 2708 XI.
1547 2675 1625 2707 1705
1643 2674 1794 2707 Societati
1812 2673 2022 2706 committitur
2041 2672 2173 2705 admini-

598 2723 720 2755 senatui
757 2722 913 2761 Lucernae,
952 2721 1029 2753 Ura·
1567 2719 1678 2752 stratio
1693 2718 1863 2761 spiritualis
1876 2720 1987 2750 insulae
2005 2720 2035 2751 S.
2050 2719 2113 2749 Do-

597 2767 665 2805 niae,
695 2766 909 2806 Subsilvaniae,
938 2765 1031 2798 Svitii
1568 2765 1683 2797 miniei.

599 2815 631 2844 et
649 2812 739 2853 Tugii
755 2811 932 2853 gratulatur
949 2810 1030 2841 fruc-

599 2860 668 2888 tum
687 2866 726 2888 ex
743 2856 941 2888 missionibus
960 2856 1031 2886 Ful-

599 2903 640 2932 vii
654 2902 794 2932 Fontana
806 2900 836 2933 S.
852 2900 882 2933 J.
898 2903 931 2932 et
945 2898 1031 2931 auxi-
1551 2898 1587 2930 In
1610 2897 1751 2929 Ameriea
1773 2895 1966 2928 meridionali
1989 2895 2071 2928 Socii
2095 2898 2174 2927 tem-

598 2944 676 2977 lium
696 2945 723 2977 ei
741 2945 927 2986 praestitum.
1569 2952 1643 2984 pore
1678 2941 1750 2974 belli
1774 2941 1972 2973 successionis
2007 2939 2176 2981 hispanicae

1570 2986 1794 3028 (1701—1714)
1831 2984 1981 3027 impedire
2022 2987 2177 3017 conantur

1570 3031 1712 3064 studium
1733 3030 1882 3072 partium.

778 3122 836 3155 263
1259 3121 1318 3154 264
1829 3118 1888 3151 265

103 2949 228 2986 vacant,
243 2946 276 2978 in
291 2946 419 2988 singulis
434 2946 475 2978 ad
489 2946 548 2977 900

104 2991 167 3023 fere
187 2991 331 3033 assurgit.

293 3124 352 3156 262
