2372 3550
141 288 299 325 Hispania,
321 287 478 317 Lusitania

625 287 799 323 Germania,
821 287 962 324 Belgium

1145 288 1268 324 Anglia,
1289 288 1416 318 polonia

1694 288 1854 318 missiones
1875 288 1992 318 exterae

73 415 149 447 1711
190 414 301 446 Tertiae
340 413 534 455 probationis
567 414 644 445 1712
662 413 690 444 A
708 413 804 445 Sociis
823 415 854 446 C.
873 413 1019 446 constan·
1052 415 1129 446 1712
1152 416 1201 447 Jo.
1219 416 1405 445 Galdenblad
1423 414 1452 446 S.
1473 414 1502 446 J.
1537 415 1614 446 1712
1639 414 1730 446 Nova
1751 414 1923 456 persecutio
1947 415 1980 446 in
2004 415 2157 447 Tunkino.

94 459 314 491 Vallisoletanae
324 458 434 489 Patres
456 458 534 489 mul-

91 503 220 535 titudini
255 502 391 534 militum
440 512 534 543 puru-

90 547 174 579 lento
206 546 314 578 morbo
346 546 533 578 infectorum

91 595 123 623 et
137 591 199 623 fere
216 590 358 622 omnibus
373 590 464 622 rebus
481 591 533 622 de-

89 635 272 667 stitutorum
310 645 425 676 magna
462 645 532 667 cum

90 679 220 711 caritate
252 679 442 711 serviebant:
476 679 532 711 hos

91 724 214 765 quidem
226 734 331 755 omnes
342 724 448 765 tetigit
457 734 537 755 mor-

89 768 156 806 bus,
174 771 208 800 at
223 778 302 800 unus
319 771 445 800 tantum
462 768 532 800 Ale-

88 812 157 844 Xius
168 812 308 844 Miziezes
319 816 461 844 mortuus
473 817 529 845 est.

68 1034 137 1066 Hoc
152 1037 291 1075 tempore
306 1033 414 1066 multis
429 1034 461 1066 in
478 1044 531 1076 op-

86 1078 167 1119 pidis
183 1078 318 1110 Castelloe
332 1078 530 1111 missionibus

86 1122 276 1164 fungebatur
321 1123 530 1164 Hieronymus

85 1167 209 1206 Dutari‚
225 1167 340 1199 Rector
353 1168 528 1209 Burgensis,

87 1221 218 1253 quarum
228 1211 348 1244 fructus
359 1222 430 1244 vere
440 1212 532 1244 mira-

85 1255 160 1288 biles
180 1260 347 1288 narrantur
365 1256 397 1288 in
416 1256 529 1289 litteris

85 1300 196 1332 annuis
248 1301 445 1332 1705—1714
498 1305 530 1333 et

85 1345 291 1377 1714—1717.

156 1681 199 1707 Pr.
217 1682 342 1708 Toletano.
361 1682 436 1708 1714.

82 1770 95 1795 t
116 1734 179 1765 Dpr.
207 1733 337 1760 Toletana
365 1736 392 1760 et
420 1734 510 1761 Matri-

96 1777 150 1801 en.;

116 1814 143 1840 c.
159 1821 230 1840 mair.
250 1813 445 1848 complutense,
462 1814 510 1840 im-

82 1849 179 1883 periale
215 1848 379 1880 Matritense,
415 1849 510 1876 Murci-

83 1892 173 1916 anum,
180 1884 345 1919 Villaregen„
356 1885 509 1920 Oropesan..

83 1920 212 1952 Toletan„
233 1920 359 1954 Optense,
381 1921 511 1948 Placenti-

81 1964 155 1988 num,
178 1956 338 1988 Com-nense,
356 1956 509 1989 Ocaniense,

83 1991 270 2023 Caravacense,
283 1991 448 2024 Carracense,
462 1993 510 2019 Pa-

83 2035 167 2059 cense,
199 2027 391 2060 Talabrieense,
420 2028 510 2054 Alma-

82 2071 182 2098 grense,
214 2062 377 2095 Llerenense,
403 2063 510 2090 Alcara-

82 2106 167 2130 cense,
185 2098 402 2131 Belmontanum,
421 2099 510 2126 Almo-

81 2134 230 2166 naeidense,
245 2134 286 2161 Sti
301 2134 451 2167 Clementis,
465 2135 510 2162 Se-

82 2169 245 2202 curitanum;

118 2215 187 2241 Sem.
212 2213 391 2241 Matritensia:
418 2214 510 2242 Scoto-

81 2257 141 2276 rum
159 2251 186 2276 et
202 2249 359 2285 Anglorum3

115 2295 149 2321 R.
190 2293 440 2321 Navalearnerensis
483 2297 511 2322 et

81 2329 265 2356 Daimielensis
271 2339 277 2361 ;

114 2375 181 2406 pr.
197 2373 371 2406 Matritensis;

81 2454 449 2489 Lorcensis,Oartl1aginensis‚
455 2454 510 2481 Mo-

81 2489 140 2516 linae
163 2490 310 2524 Aragoniae,
335 2490 408 2517 Villae
432 2498 508 2517 novae

81 2525 116 2552 ab
145 2525 306 2557 Infantibus,
334 2525 426 2552 Fontis
453 2526 508 2553 Ma-

81 2560 164 2596 gistri.
182 2576 215 2580 —
232 2561 264 2587 In
279 2561 320 2588 his
337 2563 424 2588 erant:

290 2606 341 2633 296

358 2605 374 2711 }
391 2642 441 2668 545

164 2605 223 2633 Sao.

164 2641 250 2668 Schol.

164 2677 244 2704 Goad.
290 2677 340 2704 169

307 2641 341 2668 80

268 3076 326 3108 278

586 458 691 489 tiensz's
720 457 828 490 multae
858 458 1019 490 conciones

586 502 702 534 habitae
726 506 808 540 sunt,
833 512 896 534 non
919 503 1019 534 solum

587 546 729 578 omnibus
772 546 943 578 Dominicis
988 551 1019 579 et

585 590 672 622 festis
693 591 726 622 in
753 590 942 629 Cathedrali,
965 592 1019 623 sed

585 635 680 667 etiam
713 635 746 667 in
776 634 845 667 aliis
874 635 1017 674 ecclesiis,

584 679 617 711 in
642 680 661 711 4
686 679 890 712 sodalitatum
917 684 1018 712 orato-

584 724 646 763 riis,
669 723 813 762 Petrusii,
837 728 870 756 et
891 724 1018 756 Laureti

584 768 616 799 in
643 768 754 800 sacello
780 778 818 800 ex
845 772 920 800 voto
945 773 1018 810 post

585 812 720 844 solutam
757 813 926 844 Suecorum
964 813 1018 845 ob-

584 857 734 889 sidionem
751 861 852 889 erecto
869 861 901 889 et
916 857 1017 890 Socie-

584 901 660 933 tatis
678 911 758 933 curae
775 901 947 934 commisso.

563 1123 641 1154 1716
666 1122 823 1155 Monachii
848 1122 928 1155 festo
953 1123 1016 1155 An-

582 1167 789 1199 nuntiationis
818 1167 851 1199 in
882 1168 1015 1199 oratorio

582 1211 833 1253 Congregationis
889 1212 1016 1253 majoris

581 1256 686 1288 latinae
726 1266 796 1288 cum
837 1256 910 1288 filiis
950 1257 1016 1298 ipse

580 1300 724 1342 princeps
752 1300 877 1333 Elector
903 1301 1016 1333 Maria-

582 1345 1015 1388 numSacramentumpalam

581 1393 714 1422 renovat
731 1400 802 1422 cum
819 1389 932 1432 insigni
944 1390 1016 1422 aedi-

582 1434 729 1466 ficatione
753 1435 974 1475 spectantium.

563 1790 640 1821 1717
683 1789 711 1820 Α
754 1789 912 1822 Clemente
954 1790 1013 1822 XI.

583 1834 846 1866 commendantur
867 1834 1015 1876 archiepi-

583 1888 675 1920 scopo
701 1878 869 1920 Salisburg.
896 1882 929 1911 et
953 1879 1015 1921 epi-

583 1932 675 1964 scopo
707 1923 902 1955 Passaviensi
941 1925 1015 1954 Ber-

582 1969 696 1998 nardus
722 1969 882 1999 cerronius
909 1972 941 2000 et
967 1970 1015 2005 Ig-

581 2014 646 2044 nat.
661 2013 788 2043 Grembs
804 2012 834 2044 S.
853 2012 873 2044 J
876 2038 894 2051 .,
913 2012 966 2054 qui
982 2013 1015 2045 in

581 2055 721 2098 pluribus
741 2056 924 2089 dioecesibus
943 2057 1015 2089 mis-

582 2101 681 2133 siones
704 2100 792 2133 uberi
815 2111 886 2133 cum
909 2101 1013 2134 fructu

581 2149 775 2187 peregerunt.

114 2418 509 2451 D.CacerensiS,Albacetensis,
562 2412 639 2444 1719
665 2413 694 2444 J.
717 2413 752 2444 B.
779 2413 922 2443 salernus
943 2422 1014 2444 con-

581 2456 701 2488 ciliavit
707 2456 834 2498 nuptias
842 2456 924 2488 inter
930 2457 1014 2498 prin-

581 2500 680 2542 cipem
698 2500 852 2533 haeredem
871 2501 1015 2533 Saxoniae

1063 459 1180 490 frustra
1203 463 1334 490 conatur
1359 459 1504 490 inchoare

1070 503 1248 534 missionem
1300 503 1332 534 in
1384 503 1502 535 Suecia.

1073 547 1160 579 Idem
1178 547 1275 579 Pater
1293 557 1312 578 a
1330 547 1423 579 Clem.
1444 547 1502 579 XI.

1072 591 1309 623 commendatur
1324 591 1442 630 Carolo‚
1459 602 1505 624 re-

1070 636 1101 677 gi
1127 635 1216 677 Hisp.
1244 636 1277 667 in
1305 636 1394 667 Rom.
1424 636 1502 677 Imp.

1071 680 1168 712 electo
1182 690 1238 722 pro
1253 680 1418 712 seminario
1433 681 1505 712 Lin-

1071 724 1165 756 ciensi
1200 734 1219 756 a
1253 724 1390 765 Josepho
1425 725 1504 766 regis

1070 768 1166 800 fratre
1187 772 1289 800 erecto
1311 769 1351 800 ad
1371 769 1504 801 educan-

1071 813 1126 845 dos
1145 812 1355 845 adolescentes
1374 824 1389 845 e
1407 814 1504 855 regio-

1070 857 1160 889 nibus
1197 857 1502 899 septentrionalibus.

1050 1035 1128 1066 1712
1146 1035 1223 1067 Post
1241 1035 1259 1066 2
1278 1045 1431 1067 annorum
1450 1045 1503 1068 sae-

1070 1089 1142 1110 vam
1157 1079 1239 1111 luem
1254 1079 1368 1111 iterum
1381 1079 1413 1111 in
1429 1080 1503 1111 Bid-

1068 1123 1196 1164 9ostium
1224 1128 1256 1156 et
1283 1123 1429 1156 viciniam
1456 1125 1503 1156 in-

1069 1168 1151 1200 vasit
1187 1168 1330 1200 militaris
1367 1168 1501 1207 licentia,

1070 1222 1138 1254 quae
1153 1213 1316 1254 potissima
1332 1223 1426 1245 causa
1441 1213 1503 1245 fuit

1068 1257 1165 1289 ruinae
1186 1257 1314 1299 collegii.

1049 1657 1135 1688 1715.
1159 1658 1206 1689 12,
1229 1657 1302 1689 Jun.
1330 1659 1409 1690 Sem.
1430 1657 1502 1689 Lin-

1068 1701 1168 1733 ciense
1183 1711 1240 1743 pro
1250 1701 1370 1740 Suecia,
1388 1702 1500 1741 Dania,

1069 1745 1225 1788 Norvegia
1254 1756 1273 1778 3
1302 1746 1439 1788 Josepho
1470 1751 1502 1779 et

1068 1789 1176 1822 Carolo
1186 1790 1425 1832 imperatoribus
1436 1791 1505 1823 fun-

1068 1834 1178 1866 datum
1208 1845 1227 1866 a
1255 1835 1412 1867 Clemente
1441 1836 1498 1868 XI.

1068 1879 1280 1911 confirmatur.

1048 2057 1125 2089 1715
1155 2060 1187 2089 et
1216 2058 1293 2089 1716
1322 2057 1501 2090 solemniter

1066 2111 1121 2143 per
1142 2101 1304 2134 Poloniam
1327 2101 1501 2135 celebratur

1067 2145 1261 2178 canonizatio
1290 2148 1325 2179 B.
1357 2148 1500 2179 stanislai

1065 2192 1196 2223 Kostka.

1536 1125 1732 1156 1714—1726
1764 1124 1900 1156 Labores
1937 1125 2026 1156 Judae
2058 1126 2159 1156 Thad-

1555 1171 1613 1200 daei
1626 1171 1790 1201 Krusinski
1803 1169 1835 1201 in
1850 1169 1959 1200 Persia
1971 1169 2003 1210 (†
2017 1169 2117 1210 1756).

1535 1792 1611 1823 1717
1652 1791 1858 1829 „Informatio
1898 1801 1954 1833 pro
1990 1791 2155 1830 veritate“‚

1553 1846 1572 1867 a
1591 1836 1714 1868 Jesuita
1732 1836 1764 1867 in
1785 1836 1866 1868 Sinis
1886 1836 2011 1877 scripta,
2033 1835 2073 1868 ab
2095 1836 2157 1878 epi-

1553 1890 1646 1922 scopo
1671 1880 1837 1913 Pekinensi
1862 1890 1992 1913 censura
2016 1884 2155 1919 notatur,

1555 1925 1638 1966 quod
1664 1925 1816 1966 judicium
1845 1935 1863 1957 a
1890 1925 1920 1957 S.
1951 1925 2156 1967 Inquisitione

1554 1969 1662 2001 Romae
1683 1969 1887 2002 confirmatur
1908 1970 1996 2002 1720.

1047 2413 1124 2445 1715
1147 2412 1232 2445 Mala
1254 2412 1389 2455 plurima
1411 2413 1500 2446 illata
1532 2414 1611 2446 1717
1643 2413 1720 2446 Cum
1752 2413 1874 2455 aliquot
1904 2413 2030 2446 Praelati
2061 2413 2155 2446 schis-

1066 2457 1247 2490 (latissimi
1257 2459 1288 2490 C.
1301 2468 1320 2490 a
1330 2458 1429 2490 milite
1440 2459 1498 2490 Po-

1065 2501 1146 2541 lono‚
1176 2502 1339 2541 Saxonico,
1370 2503 1498 2545 Hunga-

580 2549 613 2577 et
633 2545 851 2587 principissam
873 2545 1014 2577 Austria-
1065 2546 1137 2579 rico.

580 2599 649 2621 cam
664 2599 701 2621 ea
715 2589 894 2622 conditione
908 2594 946 2622 ut
959 2600 1014 2622 na-

580 2633 606 2666 ti
625 2643 730 2666 omnes
748 2634 781 2666 in
799 2634 946 2676 religione
964 2644 1014 2667 ca-

579 2678 697 2711 tholica
712 2678 928 2712 educarentur.

559 2811 637 2843 1719
674 2811 762 2843 Idem
802 2813 946 2843 salernus

982 2815 1014 2845 et
1046 2813 1264 2845 1715—1719
1309 2814 1498 2844 Reinholdus

577 2857 710 2887 Alvarus
740 2857 932 2894 cienruegos,
963 2866 1012 2888 ur-
1063 2859 1135 2889 cert
1152 2857 1304 2890 Visitator
1322 2857 1467 2890 Polonioe.

575 2904 669 2942 gente
692 2900 802 2932 Carolo
827 2900 881 2933 VI.
907 2911 1012 2934 crean-

577 2948 630 2976 tur
651 2944 841 2978 Cardinales.

754 3077 813 3110 279

1241 3078 1301 3111 280

1551 2459 1659 2491 matici
1683 2458 1856 2491 Orientales
1880 2458 2036 2490 reunionis
2062 2468 2156 2490 causa

1551 2513 1622 2535 cum
1640 2503 1729 2544 Papa
1746 2512 1835 2544 agere
1853 2502 2030 2544 coepissent,
2061 2502 2155 2535 schis-

1550 2547 1659 2580 matici
1685 2547 1881 2580 conabantur
1907 2547 2047 2579 obtinere
2074 2547 2155 2579 edic-

1551 2595 1619 2624 tum
1641 2596 1751 2624 contra
1771 2591 1979 2624 missionarios
2001 2592 2032 2624 S.
2054 2591 2084 2624 J.

1804 3080 1863 3112 281
