2372 3550
283 277 420 307 Historia
441 278 698 313 contemporanea

820 255 938 284 Summi
958 255 1134 291 Pontifices,

806 300 933 329 Litterae
954 299 1143 335 Apostolicae

1218 255 1381 292 Praepositi
1402 256 1432 285 et
1452 255 1707 291 congregationes

1381 300 1543 330 Generales

1920 279 2020 316 Italia,
2041 279 2139 309 Gallia

211 939 288 971 1568
300 938 392 971 Bulla
401 938 544 978 „Coenae“
563 939 601 970 de
619 938 754 970 censuris

231 983 326 1026 Papae
337 983 502 1015 reservatis
515 993 535 1015 a
546 983 602 1015 Pio
615 983 652 1015 V.
665 983 753 1024 jube—

232 1032 284 1060 tur
301 1027 417 1070 ubique
435 1027 633 1069 promulgari.

212 1563 298 1595 1568.
313 1563 342 1596 5.
358 1563 432 1596 Jun.
448 1564 556 1596 Hoorn
571 1567 603 1596 et
616 1563 754 1606 Egmont

232 1607 385 1640 Bruxellis
405 1609 508 1650 capite
527 1608 620 1650 plexi.

213 2143 290 2175 1568
302 2143 505 2186 Congregatio
515 2155 556 2182 „a
565 2145 754 2177 Somascha“

232 2192 270 2220 ut
285 2188 360 2220 ordo
376 2188 534 2231 religiosus
551 2189 752 2231 approbatur.

1123 356 1228 445 ἿΒ.
1257 408 1323 446 post
1350 405 1516 437 electionem
1549 405 1614 437 haeo
1648 409 1722 438 sunt
1761 406 1838 438 1565
1862 407 2044 439 Possemssnas
2074 417 2093 438 a
2115 407 2223 439 Carolo
2248 407 2305 439 IX.

788 582 873 614 1568.
902 583 949 614 29.
978 582 1051 623 Apr.
1105 583 1159 615 In-

805 627 1003 659 numerabiles
1031 627 1158 667 fruetus:

809 671 893 697 omnis
903 671 1016 698 facultas
1027 671 1159 698 celebran-

809 706 837 732 di
850 709 1002 733 contractus
1016 715 1096 741 penes
1110 708 1159 734 Ge-

808 742 923 768 neralem
932 742 1037 774 residet,
1055 751 1103 769 nec
1116 743 1162 769 So-

808 777 890 804 cietas
917 778 1098 812 capitulariter
1122 781 1163 805 est

808 814 987 840 convocanda.

786 1163 813 1194 9.
837 1162 900 1195 Jul.
925 1163 1002 1195 1568
1024 1162 1099 1195 Pius
1121 1163 1157 1195 V.

804 1207 997 1239 Breviarium
1049 1207 1159 1240 Roma-

805 1262 881 1284 nam
895 1252 992 1293 ipsius
1008 1252 1096 1293 jussu
1113 1263 1159 1284 re-

806 1296 975 1328 formatum
1015 1297 1158 1329 omnibus

805 1340 959 1380 Ecclesiis‚
973 1351 1041 1383 quae
1050 1352 1113 1373 non
1123 1342 1162 1374 ab

806 1386 895 1417 annis
918 1386 977 1417 200
998 1386 1160 1418 habebant

805 1431 964 1472 proprium
1006 1431 1160 1463 Breviari-

806 1485 869 1514 um,
882 1485 937 1517 per
948 1475 1071 1507 Bullam
1082 1486 1159 1518 prae-

806 1520 922 1552 scribit.

786 1788 864 1820 1568
878 1788 953 1820 Pius
968 1788 1004 1821 V.
1021 1789 1159 1821 Jesuitas

804 1833 905 1865 Duaci
913 1833 1026 1866 liberat
1032 1833 1072 1865 ab
1078 1834 1162 1866 omni

1212 449 1339 491 majoris
1359 449 1524 481 momenti:

1216 504 1241 529 1.
1259 502 1455 529 Substantialia
1471 502 1594 530 Instituti
1609 511 1664 530 non
1680 504 1728 530 im-

1258 538 1402 570 mutanda;

1215 584 1238 610 2.
1258 583 1374 617 Collegia
1385 591 1439 609 non
1452 590 1533 617 quam
1546 583 1668 617 plurima,
1681 584 1727 610 sed

1258 619 1325 645 bene
1343 618 1458 645 fundata
1476 618 1655 650 admittenda;

1215 662 1238 689 3.
1258 662 1467 689 Scholasticatus
1485 664 1512 689 et
1528 663 1683 689 Novitiatus
1700 664 1728 690 in

1258 699 1352 732 quavis
1363 698 1440 725 Prov.
1452 699 1568 733 erigendi
1577 699 1622 733 (cf.
1633 699 1727 733 Congr.

1259 734 1280 760 Ι.
1300 734 1369 760 decr.
1389 734 1472 768 127.);

1215 779 1238 805 4.
1258 779 1382 805 Potestas
1400 778 1605 805 Provincialium
1624 779 1728 806 ordina-

1259 815 1299 841 ria
1310 823 1327 841 a
1338 815 1460 841 Generali
1471 815 1628 846 declaretur,
1641 818 1728 842 extra-

1258 850 1392 877 ordinaria
1410 851 1563 877 conferatur
1582 851 1625 877 cui
1643 852 1727 886 magis

1258 886 1398 912 convenire
1425 886 1572 918 videbitur;
1601 887 1728 913 Commis-

1257 922 1319 948 sarii
1339 930 1401 948 vero
1421 930 1476 948 non
1495 922 1546 948 nisi
1566 922 1601 948 ad
1620 924 1727 957 tempus

1258 958 1438 984 constituendi
1445 967 1450 990 ;

1215 1002 1239 1029 5.
1258 1003 1351 1037 Congr.
1364 1003 1492 1037 generalis
1504 1011 1557 1030 non
1570 1004 1648 1030 certis
1660 1005 1727 1030 tem—

1258 1039 1366 1073 poribus
1386 1038 1513 1073 cogcnda,
1533 1039 1580 1065 sed
1599 1047 1664 1066 num
1685 1048 1726 1066 co-

1257 1074 1352 1108 genda,
1372 1083 1388 1101 a
1407 1075 1500 1109 Congr.
1521 1075 1727 1101 Procuratorum

1257 1110 1296 1136 3.⁰
1305 1118 1410 1145 quoque
1422 1119 1492 1137 anno
1503 1111 1628 1137 habenda
1639 1111 1727 1138 decer-

1260 1148 1353 1178 natur;

1215 1191 1238 1217 6.
1257 1190 1290 1216 de
1302 1190 1481 1223 abdicatione,
1491 1191 1665 1223 extractione,
1675 1191 1728 1217 dis-

1257 1226 1404 1253 tributione
1422 1226 1564 1259 bonorum;

1215 1271 1238 1298 7.
1257 1271 1329 1298 bona
1351 1271 1498 1298 immobilia
1521 1271 1644 1298 domibus
1667 1280 1726 1306 pro-

1256 1307 1331 1333 fessis
1355 1307 1453 1333 habere
1475 1315 1530 1334 non
1551 1307 1622 1339 licet,
1645 1308 1727 1334 etiam

1257 1344 1319 1377 post
1327 1343 1436 1370 Concilii
1445 1343 1516 1370 Trid.
1526 1343 1605 1377 (Sess.
1616 1344 1657 1370 25.
1668 1352 1725 1378 cap.

1257 1379 1281 1405 3.
1298 1379 1330 1405 de
1347 1378 1453 1413 Regul.)
1468 1379 1675 1411 concessionem;

1214 1422 1238 1449 8.
1257 1423 1392 1449 Generalis
1408 1425 1449 1450 est
1463 1423 1602 1450 instituere
1618 1424 1727 1451 Provin-

1257 1459 1310 1485 cias
1326 1461 1355 1485 et
1369 1459 1512 1486 admittere
1528 1460 1654 1494 Collegia;
1671 1460 1727 1495 ipse

1257 1497 1299 1521 est
1329 1495 1489 1529 Praepositus
1521 1496 1554 1522 D.
1585 1495 1725 1528 Romanae;

1257 1531 1338 1557 etiam
1356 1531 1476 1557 Vicarius
1492 1531 1620 1565 generalis
1637 1534 1727 1566 potest

1257 1566 1322 1592 inire
1341 1568 1506 1598 contractus;

1214 1611 1237 1637 9.
1258 1611 1485 1637 Constitutionum
1496 1611 1581 1638 versio
1592 1611 1678 1638 latina
1687 1620 1726 1638 re-

1257 1647 1390 1678 videatur,
1405 1647 1471 1673 item
1486 1647 1590 1682 refflilae,
1607 1655 1665 1682 quae
1681 1647 1727 1674 ab·

1257 1682 1409 1709 breviandae
1422 1683 1489 1715 sint:
1503 1685 1533 1710 at
1549 1684 1727 1710 summarium

1257 1718 1391 1753 integrum
1408 1720 1540 1750 servetur:

1198 1763 1238 1790 10.
1258 1762 1351 1798 Congr.
1378 1763 1551 1790 Provincialis
1571 1771 1626 1790 non
1651 1772 1727 1798 coga—

1257 1800 1310 1830 tur,
1333 1799 1384 1825 nisi
1407 1799 1441 1825 ob
1461 1799 1555 1834 Congr.
1579 1799 1727 1834 generalem

1257 1836 1306 1861 aut
1323 1835 1541 1867 Procuratorum:

805 1877 982 1919 J'uramento
993 1878 1026 1910 in
1037 1882 1159 1911 statuta
1198 1879 1239 1906 11.
1259 1878 1417 1906 Rectoribus
1448 1887 1503 1905 non
1534 1879 1727 1914 designandum

807 1922 1027 1955 Universitatis
1036 1929 1064 1954 et
1072 1927 1106 1953 ab
1115 1927 1161 1953 ob-

1258 1914 1403 1941 triennium
1409 1924 1415 1947 ς

807 1966 933 2001 ligatione
947 1967 1095 1994 mel-oedem
1110 1976 1157 2002 pro
1193 1959 1233 1986 12.
1253 1959 1299 1994 qui
1308 1959 1404 1986 ultima
1412 1959 1480 1986 facit
1489 1961 1555 1986 vota
1563 1962 1613 1987 aut
1621 1960 1655 1986 fit
1662 1959 1727 1987 Rec-

804 2002 1105 2037 instruendajuventute
1112 2012 1158 2038 po-

808 2038 938 2065 stulandi:
955 2047 1020 2073 quas
1036 2039 1102 2065 duas
1117 2047 1158 2066 res

808 2073 973 2101 Universitas
988 2074 1097 2101 volebat
1110 2075 1159 2101 im-

809 2117 913 2144 ponere.

788 2591 865 2623 1569
879 2591 931 2624 SS.
946 2591 1094 2624 Pontifex
1108 2592 1129 2624 J
1131 2602 1160 2624 e-

807 2636 896 2668 suitis
911 2636 1160 2669 Poenitentiario-

806 2690 875 2713 rum
890 2691 1004 2713 munus
1019 2681 1059 2713 ad
1074 2681 1160 2713 Basi-

806 2725 899 2757 licam
920 2725 1107 2758 Vaticanam
1128 2729 1161 2758 et

789 2902 867 2935 1570
880 2902 989 2935 iisdem
1002 2903 1160 2936 Poeniten-

809 2946 907 2980 tiariis
923 2949 955 2980 G.
972 2947 1161 2981 Vaticanum

809 2991 916 3024 tradit.

956 3080 994 3113 51

1256 1997 1308 2027 tor,
1328 2003 1375 2030 per
1399 1995 1433 2022 40
1451 1995 1507 2022 dies
1531 1995 1603 2022 intra
1626 2004 1727 2022 annum

1256 2031 1406 2058 doctrinam
1425 2031 1599 2058 christianam
1618 2031 1726 2064 doceat;

1189 2075 1229 2102 13.
1240 2075 1371 2102 beneficia
1379 2078 1473 2102 curata
1481 2084 1535 2102 non
1545 2075 1726 2108 admittenda;

1256 2120 1315 2146 quae
1327 2112 1441 2146 speciem
1453 2112 1556 2138 habent
1567 2112 1726 2147 negotiatio-

1256 2147 1297 2173 nis
1315 2149 1455 2179 vetantur;

1197 2192 1238 2219 14.
1257 2191 1348 2218 arcula
1369 2200 1417 2226 pro
1440 2191 1612 2225 eleemosynis
1635 2191 1663 2218 in
1685 2199 1726 2218 ec-

1256 2227 1341 2254 clesiis
1358 2235 1392 2253 ne
1410 2229 1538 2262 ponatur;

1197 2272 1238 2298 15.
1253 2279 1350 2333 niomen
1369 2271 1464 2304 „Don“
1480 2280 1496 2298 a
1509 2271 1582 2298 nullo
1596 2280 1726 2307 usurpan-

1276 2315 1330 2334 um.

1193 2700 1270 2731 1568
1311 2699 1423 2732 Primae
1464 2700 1722 2742 Congregationes

1211 2744 1420 2776 Provinciales
1440 2754 1496 2786 pro
1517 2744 1626 2786 Congr.
1648 2744 1722 2775 Pro-

1212 2793 1400 2821 curatorum.

1437 3081 1477 3114 52

1780 451 1894 493 accipit
1929 451 2035 484 literas
2071 455 2214 493 patentes
2250 461 2306 493 pro

1780 496 1935 528 Societate
1959 496 1991 528 in
2012 496 2122 529 Gallia.
2181 500 2218 526 At
2243 499 2306 526 Uni-

1783 540 1896 567 versitas
1933 541 1993 567 odio
2035 542 2111 567 mota
2160 540 2307 575 principem

1783 578 1978 609 protestantem
1999 576 2031 602 de
2052 576 2174 603 Condato
2195 577 2308 602 conatur

1782 611 1893 638 incitare
1932 612 1967 638 ad
2005 612 2140 646 pellendos
2179 612 2306 638 Jesuitas.

1784 646 1955 682 Rothomagi,
1983 647 2082 682 Deppae
2110 650 2161 674 etc.
2216 647 2306 674 Posse—

1783 683 1861 709 vinus
1868 683 2002 710 convertit
2010 683 2108 709 multos
2117 685 2306 718 protestantes.

1764 851 1842 883 1566
1868 854 2068 890 Perpinianus
2097 852 2230 884 Parisiis
2258 851 2306 893 ju-

1783 906 1898 928 venum
1913 897 2031 929 animos
2046 897 2247 929 vehementer
2259 897 2306 928 in-

1782 940 1928 973 flammat
1958 941 2150 974 orationibus
2181 941 2306 973 classice

1782 985 1888 1017 latinis
1925 986 1983 1023 „de
2020 990 2124 1018 vetere
2161 985 2306 1027 religione

1781 1030 1974 1063 retinenda“.
2045 1030 2176 1072 Scripsit
2211 1030 2306 1062 etiam

1783 1075 1957 1117 apologiam
1978 1075 2152 1108 Societatis.

1763 1253 2002 1295 christophorus
2034 1254 2207 1296 Rodriguez
2234 1263 2306 1295 pur-

1782 1302 1838 1340 gat
1854 1299 2027 1331 Calabriam
2044 1299 2083 1331 ab
2100 1299 2217 1337 haeresi,
2237 1308 2306 1340 quae

1782 1343 1994 1428 Zossplmerone
2011 1347 2210 1385 oppugnatur
2225 1342 2305 1374 Nea-

1762 1567 1791 1599 S.
1831 1566 1957 1599 Carolus
1996 1567 2081 1599 Borr.
2119 1567 2250 1608 juvatur
2287 1576 2306 1598 a

1783 1611 1904 1643 Palmio
1922 1612 1963 1643 ad
1980 1612 2105 1644 decreta
2123 1611 2306 1643 Tridentina

1783 1656 1957 1688 executioni
1978 1656 2092 1689 danda.

1763 1880 1839 1911 1567
1877 1879 2029 1921 Aaqerius
2068 1879 2211 1911 Turnone
2250 1878 2304 1910 ad-

1782 1924 1900 1963 volans,
1938 1924 2121 1965 Isaqdunam
2157 1923 2305 1965 prudenti

1782 1979 1839 2000 sua
1858 1969 2098 2010 importunitate
2119 1968 2158 2000 ab
2179 1968 2304 1999 incursu

1783 2014 2037 2055 Hugonottorum
2059 2013 2208 2045 defendit.
2244 2016 2304 2051 Ipse

1784 2066 1844 2084 cum
1851 2058 1995 2085 Possevino
2001 2058 2108 2092 scripsit
2115 2057 2234 2084 libellum
2239 2056 2305 2089 „Mi-

1783 2093 1820 2120 les
1833 2094 2009 2120 christianus“
2023 2102 2071 2128 pro
2085 2093 2203 2120 exercitu
2213 2092 2304 2119 catho-

1783 2129 1842 2161 lico,
1853 2138 1932 2164 quem
1945 2130 2081 2164 (missione
2093 2128 2160 2155 1568
2172 2127 2305 2154 Massilioe

1783 2172 1831 2198 pro
1850 2165 1984 2192 damnatis
2010 2165 2044 2191 ad
2063 2165 2183 2191 triremes
2198 2163 2304 2198 habita)

1783 2200 1850 2227 1569
1865 2201 1987 2235 sequitur
2003 2201 2032 2227 in
2051 2208 2141 2235 pugna
2155 2201 2249 2226 contra
2265 2208 2304 2226 re-

1783 2235 1862 2263 belles
1892 2245 1977 2271 usque
2014 2236 2048 2263 ad
2084 2236 2223 2263 victoriam
2254 2236 2304 2262 sub

1783 2272 2017 2299 Monteconturum
2035 2272 2071 2307 (3.
2092 2271 2173 2306 Oct.).

1761 2487 1838 2518 1567
1870 2486 2030 2519 Missiones
2063 2485 2204 2527 plurimae
2241 2498 2302 2518 oum

1782 2539 1880 2566 magno
1900 2531 1991 2558 fructu
2006 2531 2079 2557 fiunt
2100 2538 2114 2556 e
2136 2532 2163 2557 G.
2182 2529 2302 2558 Romano

1782 2567 1810 2592 in
1846 2567 1927 2593 variis
1961 2567 2047 2593 Italiae
2075 2566 2241 2599 dioecesibus,
2265 2567 2303 2593 (Ξῖ.

1784 2603 1960 2636 Gymnasium
1975 2602 2089 2636 amplius
2104 2602 2160 2635 jam
2176 2602 2243 2629 1000
2252 2603 2302 2629 fre-

1784 2638 1949 2672 quentabant
1967 2637 2106 2664 auditores.

2000 3079 2040 3112 53
