2372 3550
73 276 292 325 Carrat'a,
323 275 654 317 Piccolomini
679 276 1028 318 1615—1651.

138 438 296 475 Hispania,
317 438 475 467 Lusitania

71 567 107 597 In
136 565 294 606 Hispania
322 565 379 597 sub
409 569 529 606 protec-

622 438 795 474 Germania‚
817 439 957 474 Belgium

1139 441 1260 476 Anglia‚
1282 442 1408 471 Polonia

1687 441 1847 471 Missiones
1868 442 1986 472 exterae

1533 569 1610 600 161'5
1645 570 1724 601 Petr.
1760 570 1865 600 Claver
1899 569 2086 610 Carthagine
2120 570 2153 601 in

95 610 179 642 tione
194 609 331 651 Philippi
349 609 407 641 ΙΙΙ.
427 613 458 641 et
476 609 527 641 IV.
562 609 639 640 1616
655 610 686 641 G.
704 609 941 642 Monasterz'ense
958 621 1012 641 nu-
1048 612 1204 643 1616—34
1229 612 1280 643 Lis
1306 612 1497 644 Jesuitaruni
1551 613 1694 645 Anierica
1726 613 1832 645 merid.
1865 613 2074 645 missionarius
2100 614 2153 645 Ni-

98 654 235 686 Societas
253 654 351 695 magis
370 654 528 695 magisque

101 701 305 740 propagatur.

68 832 145 863 1616
166 832 318 863 Manresae
340 832 380 863 ad
402 835 527 863 antrum

86 877 115 908 S.
131 876 246 918 Ignatii
270 886 288 908 a
310 876 404 908 Sociis
422 877 530 918 figitur

87 921 182 959 sedes,
206 920 355 952 beneficio
378 921 528 952 Marchio-

86 965 176 996 nissae
193 964 336 1006 Aytonis.

67 1099 152 1130 1616.
177 1099 224 1130 24.
248 1098 337 1130 Febr.
363 1099 382 1140 †
406 1098 528 1140 Hispali

84 1143 259 1183 Alphonsus
275 1143 441 1184 Rodrz'quez
456 1153 526 1175 auc-

85 1190 135 1219 tor
156 1187 240 1219 aurei
260 1187 331 1219 libri
352 1188 390 1219 de
411 1187 526 1228 perfec-

85 1232 169 1263 tione
192 1232 370 1264 christiana.

580 654 714 685 meravit
747 654 899 686 scholares
925 655 1010 686 1300.

581 717 619 719 —
629 698 657 729 A
667 698 762 730 Sociis
773 698 946 730 Germaniae
956 700 1012 731 Su-

580 742 707 783 perioris
725 743 802 773 1400
818 743 957 775 homines
974 754 1012 775 ex

580 787 688 818 haeresi
710 787 750 818 ad
773 787 944 819 Ecclesiam
967 798 1012 819 re-

581 831 668 862 ducti
689 835 770 863 sunt.
794 850 833 853 —
855 831 1011 872 Wolfgan-

579 885 645 916 gus,
674 875 900 917 Neoburgensis
926 876 1009 913 Dux,

580 919 731 960 Neoburqi
766 920 872 951 condit
906 921 937 952 C.
972 939 1011 942 —

582 964 617 994 In
637 963 845 1005 Gallobelgica
864 964 1010 996 inchoan-

580 1012 632 1039 tur
642 1010 672 1040 C.
684 1008 715 1039 H
716 1019 814 1046 mense,
829 1008 1010 1040 Bethamm-

578 1063 618 1090 se,
635 1052 853 1092 Malbodz'ense;
876 1053 908 1084 in
928 1053 1010 1085 Rhe-

579 1106 664 1128 nana
692 1096 919 1137 Wormatz’ense,·
947 1102 1010 1129 sta-

579 1141 648 1173 bilis
681 1141 767 1173 sedes
806 1141 1007 1174 Frideslarz‘oe.

578 1185 751 1225 Antverpioe
772 1188 845 1223 Dpr.

65 1365 151 1397 1616.
183 1365 219 1396 In
246 1365 394 1397 Sardinia
422 1366 525 1397 trime·
558 1363 610 1395 Lis
624 1363 1008 1397 cumUnivers.Lovcm.ob

84 1409 155 1441 stris
174 1410 277 1441 missio
296 1410 328 1441 111
347 1411 384 1441 22
404 1410 525 1451 oppidis

85 1454 206 1495 copioso
221 1454 324 1486 fructu
338 1465 400 1486 non
414 1455 523 1486 caruit.

64 1766 151 1798 1617.
180 1766 227 1798 25.
255 1766 341 1807 Sept.
370 1766 390 1807 †
417 1768 525 1797 Frane.

88 1813 198 1842 suarez
240 1810 441 1842 Granatensis
493 1811 525 1842 in

83 1857 155 1893 Dpr.
173 1855 417 1896 Ulyssiponensi.
434 1874 472 1877 ——
490 1855 525 1886 In

84 1899 201 1941 templo
212 1899 351 1941 ejusdem
362 1901 435 1937 Dpr.
448 1900 525 1931 1618

82 1944 292 1976 introducitur
349 1945 525 1976 communio

82 1988 231 2030 generalis
248 1989 403 2020 dominica
419 1989 452 2020 4ιι
475 1999 526 2020 cu-

84 2033 194 2074 jusque
210 2033 332 2065 mensis.
350 2033 525 2065 Communi-

85 2077 223 2109 cantium
234 2087 430 2119 permensein
438 2082 527 2110 erant

84 2122 200 2154 17—18
224 2121 330 2154 millia.

65 2211 141 2242 1617
153 2210 264 2243 Turbae
274 2214 389 2243 exortae
399 2212 431 2243 in
445 2213 525 2243 Sem.

82 2254 253 2297 Anglorum
273 2255 439 2288 Vallisoletz'
455 2267 526 2288 auc-

84 2299 212 2332 toritate
234 2300 313 2341 regis
337 2310 525 2342 componun-

84 2347 144 2376 tur.
177 2363 215 2366 ——
246 2344 369 2376 Mamm·
399 2345 527 2387 erigitur

85 2390 158 2426 Dpr.
172 2391 205 2420 et
216 2388 249 2420 in
263 2389 414 2431 templum
429 2390 526 2422 defer-

85 2436 137 2464 tur
163 2443 273 2474 corpus
302 2433 339 2466 B.
369 2433 527 2466 Francisci

85 2477 213 2518 Boryz'ae.

64 2566 150 2598 1618.
169 2566 205 2598 In
220 2566 378 2607 Hispania
391 2569 525 2599 Didaeus

84 2612 162 2642 Ruiz
176 2612 212 2642 de
226 2613 372 2649 Montoya
386 2612 420 2653 (†
434 2613 524 2653 1632)

82 2658 205 2687 recusat
255 2655 419 2689 defendere
469 2667 526 2688 sua

84 2699 270 2732 auctoritate
294 2700 524 2742 impositionem

81 2743 192 2786 injusti
213 2744 332 2777 tributi.

66 2922 141 2953 1619
162 2921 345 2964 Hispalense
369 2924 448 2955 Sem.
470 2923 524 2955 Hi-

578 1418 683 1439 cursus
695 1408 834 1449 publicos
848 1409 1018 1450 theologiae.

560 1675 636 1706 1617
659 1674 751 1706 Mich.
775 1674 937 1716 Adolphus
961 1685 1010 1707 co-

578 1729 642 1750 ines
667 1719 707 1751 ab
732 1718 860 1757 Althan,
888 1730 925 1751 cx
950 1720 1010 1751 hae-

578 1763 672 1795 retico
702 1763 852 1804 pertinaci
881 1764 1010 1796 catholi-

578 1818 640 1846 cus,
655 1807 745 1849 erigit
757 1809 787 1840 C.
802 1808 957 1841 Grembsoe.
972 1828 1009 1831 Q

580 1852 786 1884 Inveniuntur
817 1853 946 1885 Jesuitae
977 1854 1009 1885 in

578 1897 721 1928 omnibus
755 1897 926 1938 majoribus
961 1908 1009 1929 ur-

578 1941 669 1973 bibus
692 1941 862 1981 reipublicoe
887 1942 1009 1973 Batavae

578 1987 587 2020 (
596 2002 624 2011 =
638 1986 671 2017 in
684 1985 891 2027 Neerlandia).
909 1989 1009 2016 Eorum

581 2029 697 2063 epistolae
709 2031 814 2056 secretae
827 2038 899 2056 more
911 2038 1009 2057 merca-

581 2065 648 2091 torio
667 2065 771 2099 scriptae
791 2074 850 2091 cum
870 2066 896 2091 in
916 2074 1009 2093 manus

581 2101 690 2127 hostiles
721 2101 885 2132 incidissent,
913 2102 1010 2129 occasi-

581 2144 657 2162 onem
689 2136 820 2163 dederunt
853 2137 941 2163 libello
971 2138 1010 2163 in-

581 2172 691 2207 scripto:
713 2172 858 2202 „Oceultus
877 2175 1009 2200 mercatus

580 2208 772 2235 Jesuitarum.“
809 2209 846 2235 At
874 2208 942 2234 clavi
971 2209 1008 2234 in-

581 2246 671 2275 venta,
694 2251 734 2269 res
756 2244 844 2277 potius
869 2244 896 2270 in
919 2252 1009 2270 eorum

581 2279 660 2306 cessit
675 2279 790 2306 laudem.

559 2391 645 2423 1618.
669 2391 715 2422 12.
739 2391 808 2423 Oet.
832 2390 852 2432 †
877 2392 1011 2423 Jaeohus

578 2437 677 2466 Rhem
700 2435 892 2477 Ingolstadii.

558 2568 714 2600 1618—19
742 2568 881 2600 Societas
909 2568 1010 2610 expel-

576 2613 652 2644 litur
662 2623 678 2644 e
689 2612 849 2651 Bohemia,
861 2613 1011 2651 Moravia,

576 2657 691 2689 Silesia.
727 2657 907 2689 Revertitur
940 2668 1009 2689 cum

577 2701 714 2733 exercitu
727 2701 870 2743 ligistico,
887 2702 935 2734 cui
950 2711 1010 2733 ser-

577 2745 707 2777 viebant
748 2746 785 2777 18
827 2746 888 2778 PP.
932 2746 1010 2778 Belli

577 2790 669 2822 duces
680 2790 761 2831 Tilly
771 2794 803 2822 et
811 2790 1012 2822 Piccolomini

576 2835 702 2866 fuerant
734 2834 877 2876 discipuli
909 2835 1009 2866 Jesui-

578 2883 691 2911 tarum.

83 2965 248 2998 bernorum
257 2967 524 3000 eommittiturSo-
546 2968 632 3000 1619.
658 2968 685 2999 6.
710 2967 784 3000 Dec.
811 2967 830 3009 †
854 2967 1007 3000 Bruxellis

84 3010 199 3042 cietati.

270 3099 328 3131 150

578 3012 760 3044 Frwncz'scus
781 3011 889 3044 Goster.

752 3100 809 3132 151

1068 666 1137 687 cum
1177 656 1346 688 Academia
1390 657 1497 689 Craeo-

1067 700 1164 731 viensi
1183 700 1220 731 de
1238 700 1348 732 scholis
1366 701 1497 741 publicis

1067 744 1216 776 Graeoviae
1238 745 1418 786 aperiendis.

1048 834 1124 864 1616
1145 834 1356 865 Gamenecense
1375 836 1406 866 C.
1427 845 1495 865 cuni

1067 882 1135 909 tota
1162 878 1224 909 fere
1253 878 1327 910 urhe
1354 879 1496 910 incendio

1066 922 1194 953 deletur.
1215 941 1254 944 —
1275 922 1311 954 111
1330 922 1497 954 Lithuam'a

1065 968 1082 997 2
1095 967 1176 998 Socii
1192 967 1419 999 Basilianorum
1437 968 1496 999 dis-

1065 1011 1211 1052 ciplinam
1234 1012 1407 1043 instaurare
1433 1022 1496 1043 sus-

1064 1055 1193 1096 cipiunt.
1207 1075 1246 1078 —
1263 1057 1293 1088 C.
1307 1056 1448 1087 Crosense
1463 1057 1496 1087 in

1064 1100 1245 1141 Samogitia,
1266 1105 1298 1132 et
1318 1101 1465 1132 Ploeense.

1551 658 1711 699 gritarum.
1735 658 1768 698 (†
1790 658 1889 698 1654).

1533 835 1619 866 1616.
1647 835 1683 865 In
1708 834 1840 875 Ceylano
1865 835 1975 873 insula,
2001 835 2033 866 111
2059 846 2152 876 quam

1551 879 1688 910 Societas
1710 879 1798 910 initio
1819 879 1912 920 hujus
1934 879 2036 911 saeculi
2057 880 2153 911 intra-

1552 927 1649 960 verat,
1682 923 1846 955 crudeliter
1876 928 2028 955 necantur
2059 924 2151 956 Joan.

1551 968 1690 999 Metellus
1732 972 1764 999 et
1804 968 1913 1000 Matth.
1958 968 2150 1009 Pelmqottus.

1532 1101 1609 1132 1616
1636 1101 1813 1132 Persecutio
1841 1105 2010 1133 renovatur
2036 1102 2069 1133 in
2096 1102 2152 1133 Ja-

1551 1145 1654 1185 pomTa,
1677 1156 1746 1176 cuni
1767 1146 1805 1176 24
1825 1145 2023 1177 Franciscani
2044 1146 2152 1178 audito

1550 1200 1672 1221 rumore
1695 1190 1733 1221 de
1755 1190 1898 1221 concluso
1923 1190 2058 1231 quodam
2080 1201 2152 1222 con-

1551 1238 1654 1265 tractu
1670 1234 1842 1273 commodo,
1870 1235 1909 1266 ad
1934 1235 2010 1266 istas
2035 1235 2151 1267 insulas

1550 1278 1720 1320 appellunt.

1046 1368 1131 1398 1616.
1154 1368 1182 1398 5.
1206 1367 1297 1398 Mart.
1322 1367 1341 1408 †
1367 1367 1495 1399 Thomas
1532 1368 1608 1399 1616
1631 1369 1680 1399 Pr.
1709 1367 1865 1405 Quitensis
1888 1368 2040 1400 dividitur
2063 1368 2095 1399 in
2118 1370 2149 1400 2:

1066 1412 1183 1449 Pound,
1201 1422 1217 1442 e
1233 1411 1381 1443 saltatore
1398 1411 1495 1443 Elisa-

1065 1456 1167 1487 bethae
1204 1456 1335 1493 Jesuita,
1374 1457 1483 1497 saepius

1548 1412 1718 1451 Quitensem
1742 1416 1774 1443 et
1796 1412 1877 1443 Novi
1902 1413 1999 1454 Requi
2021 1413 2152 1453 (Grana-

1551 1457 1667 1498 tensis).
1685 1456 1773 1488 Circa
1788 1456 1870 1488 idem
1887 1461 2010 1498 tempus
2026 1457 2150 1498 (saltem

1064 1505 1146 1532 tetro
1164 1511 1283 1533 carcere
1301 1500 1435 1533 inclusus
1455 1501 1493 1532 ob
1550 1501 1636 1539 1608,
1659 1501 1790 1532 forsitan
1804 1501 1868 1542 jani
1882 1502 1971 1543 1606)
1988 1504 2037 1534 Pr.
2051 1502 2152 1534 Mala-

1064 1545 1168 1577 fidem.

1551 1545 1651 1577 barim
1682 1550 1828 1586 separata
1858 1556 1922 1578 esse
1954 1546 2087 1584 videtur,
2120 1551 2152 1578 et

1550 1590 1573 1621 J
1575 1590 1689 1630 aponia
1704 1591 1788 1631 (cum
1803 1590 1925 1632 Macao)
1940 1590 2151 1632 independens

1550 1634 1589 1666 fit
1612 1644 1631 1666 a
1651 1634 1761 1666 Goana
1783 1635 1870 1667 1612.

1046 1768 1122 1799 1617
1134 1770 1170 1799 R.
1184 1767 1404 1800 Preinisliensis
1416 1769 1453 1800 fit
1466 1770 1496 1800 C.
1532 1769 1607 1800 1617
1627 1771 1656 1800 J.
1676 1770 1710 1800 B.
1728 1770 1877 1799 Machado
1896 1772 1927 1800 et
1947 1769 2023 1801 1619
2043 1769 2095 1800 alii
2114 1770 2151 1800 15

1550 1813 1633 1845 Socii
1652 1816 1695 1846 Μ.
1717 1813 1749 1844 111
1771 1813 1917 1853 Japom'a.

1532 1947 1607 1978 1617
1637 1946 1765 1978 Reversi
1791 1946 1872 1979 Socii
1898 1947 1930 1978 in
1958 1947 2152 1979 Cocincimm

1550 1991 1656 2022 multis
1707 1991 1946 2023 difficultatibus
1997 1991 2149 2024 laborant.

1551 2035 1724 2067 Nuoemam'
1754 2045 1815 2067 uno
1845 2036 1894 2067 die
1922 2036 2045 2078 erigunt
2075 2040 2152 2068 tem-

1551 2080 1637 2121 plum
1663 2079 1839 2112 Christiani.

1531 2214 1607 2245 1617
1620 2213 1732 2245 Edicto
1745 2213 1823 2255 regis
1838 2224 1853 2246 e
1865 2217 1935 2246 tota
1942 2214 2152 2246 0111111161(ώᾶ-

1550 2258 1755 2334 Eicffigentm
1779 2258 1921 2297 Jesuitae3
1947 2259 1964 2290 8
1988 2262 2151 2291 remanent

1046 2568 1122 2599 1618
1140 2568 1316 2600 Persecutio
1334 2568 1366 2600 in
1384 2568 1497 2610 Anglia
1531 2569 1607 2600 1618
1632 2568 1727 2601 Haud
1749 2569 1842 2611 pauci
1863 2569 2016 2611 Martyres
2039 2570 2071 2601 in
2094 2570 2150 2602 Ja-

1065 2612 1104 2644 ob
1134 2612 1345 2653 juramentum
1377 2623 1396 2644 a
1425 2623 1495 2654 rege

1065 2657 1287 2698 praescriptum,
1307 2667 1325 2689 a
1341 2657 1495 2689 Pontifice

1066 2701 1207 2733 vetitum.
1227 2720 1265 2723 —
1280 2701 1360 2733 Guil.
1381 2701 1494 2733 Baldu-

1063 2745 1144 2784 inus,
1164 2746 1311 2778 innocens
1332 2746 1457 2787 quidem
1476 2756 1495 2778 a

1064 2800 1132 2832 rege
1161 2791 1311 2832 cognitus,
1341 2790 1359 2821 8
1388 2794 1494 2822 tamen

1063 2844 1160 2867 annos
1175 2835 1369 2867 retinebatur
1381 2834 1414 2866 in
1430 2845 1494 2867 car-

1063 2889 1139 2911 cere.

1237 3100 1294 3132 152

1549 2613 1652 2653 poma.

1528 2924 1605 2955 1619
1630 2923 1790 2956 Crudescit
1804 2924 1986 2966 persecutio.
2015 2927 2148 2957 Leonat-

1547 2970 1604 3000 dus
1632 2970 1788 3007 Ghimura,
1821 2969 1914 3001 Coad.
1945 2969 1974 3001 S.
2005 2969 2046 3008 J.‚
2077 2980 2147 3002 cum

1547 3013 1614 3045 aliis
1636 3013 1701 3044 vivi
1721 3017 1966 3046 concremantur.

1802 3101 1860 3133 153
