2372 3550
217 291 2305 308 ————..——..—..-...—.-—-—-——--—-——————-

285 353 422 384 Historia
442 352 699 388 contemporanea

821 326 940 357 Summi
960 325 1136 361 Pontifices,

808 371 935 401 Litterae
956 370 1146 407 Apostolicae

1220 323 1383 361 Praepositi
1403 323 1434 353 et
1455 322 1710 358 congregationes

1383 367 1546 398 Generales

1922 342 2022 378 Italia,
2041 342 2140 372 Gallia

216 482 303 515 1755.
324 482 372 514 11.
392 480 466 513 Feb.
486 479 506 522 ’ξ-
523 479 634 511 Franc.
655 477 758 519 Scipio

235 526 352 604 ffiaflei,
365 523 632 566 historiographus
646 525 679 554 et
687 531 759 564 poe-

217 751 246 783 9.
262 750 348 792 Sept.
371 749 391 791 †
411 748 460 780 Jc.
477 745 664 779 Laurentius
678 744 760 776 Mos-

237 795 330 833 heim,
358 793 476 825 celeber
500 792 583 823 inter
608 789 760 822 Luthera-

237 849 294 871 nos
307 837 479 879 theologus,
493 833 760 876 historiographus

238 888 271 916 et
291 883 500 916 concionator.

220 1063 267 1095 10.
282 1061 357 1094 Feb.
377 1061 397 1103 †
419 1060 501 1092 Baro
515 1057 642 1091 Carolus
657 1057 695 1089 de
710 1056 762 1089 Se-

240 1106 356 1139 condat
371 1103 598 1146 Montesquieu.

224 1775 303 1808 1756
330 1774 430 1806 Breve
458 1773 539 1805 circa
565 1772 769 1804 Sacramenta

243 1820 277 1852 in
298 1818 400 1853 Gallia
419 1820 542 1860 negata.

794 699 881 731 1758.
897 698 925 731 5.
941 697 1015 730 Feb.
1045 697 1167 729 Lauda-

813 743 881 775 bile:
917 746 1029 782 quaestio
1059 746 1092 772 de
1121 746 1167 772 do·
1219 744 1272 773 tus
1290 744 1338 773 est

814 788 896 814 minio
928 786 1168 822 Congregationum

816 823 848 851 B.
870 823 906 850 M.
930 823 961 850 V.
984 823 1012 849 in
1041 822 1110 849 redes
1140 824 1168 848 et
1201 829 1288 863 1755.
1307 830 1356 863 30.
1375 829 1456 862 Nov.

814 858 1005 894 supellectilem
1036 857 1169 885 dirimitur

815 895 843 922 in
859 895 979 922 favorem
996 894 1145 921 Societatis.

817 1323 904 1355 cula:
937 1325 1077 1353 Francisco
1110 1325 1172 1353 Car-

819 1366 903 1394 dinali
911 1366 1046 1394 Saldanha
1054 1365 1104 1393 sub
1115 1366 1172 1400 qui-

818 1403 933 1430 busdam
976 1402 1173 1429 conditionibus

819 1438 998 1466 committitur
1005 1446 1102 1465 munus
1111 1437 1173 1464 visi-

818 1475 914 1502 tatoris
935 1474 1074 1509 apostolici
1090 1474 1119 1500 in
1135 1481 1174 1500 re-

819 1511 877 1546 gnis
883 1509 1179 1537 etiamIndiarumLusi-

819 1546 900 1573 taniae
915 1546 970 1581 regi
985 1545 1121 1580 subjectis.
1141 1560 1175 1564 —

819 1582 871 1610 Est·
876 1582 933 1609 haec
943 1581 1030 1617 prima
1041 1581 1174 1608 concessio

820 1617 846 1681 Ξ.
865 1617 945 1680 ¹Sedis
966 1617 1040 1644 facta
1061 1616 1175 1644 inimicis

230 2309 307 2342 1757
318 2307 480 2350 Hispania,
491 2305 647 2347 Neapolis,
658 2304 774 2337 Medio·
805 2305 1003 2336 1758—1769
1040 2304 1179 2334 Clemens

249 2354 356 2386 lanum
385 2352 466 2394 leges
495 2350 635 2383 condunt
664 2353 773 2381 contra

249 2399 417 2434 Massones.

233 2712 320 2745 1757.
332 2708 379 2741 25.
392 2708 461 2740 Oct.
473 2705 696 2748 †Augustinus
707 2704 775 2736 Cal-

252 2760 365 2792 metue.
380 2752 478 2785 abbas
491 2750 676 2782 Senonensis
690 2749 727 2782 O.
742 2749 773 2781 S.

254 2803 290 2836 Β.
312 2800 442 2840 exegeta
461 2794 686 2827 celeberrimus.

482 3148 541 3182 322

824 2350 909 2382 XIII.
916 2357 1036 2390 semper
1040 2350 1181 2389 protege-

824 2393 882 2426 bat
919 2392 1108 2425 Societatem
1147 2394 1179 2423 et

825 2437 1073 2470 modificationes
1108 2445 1179 2477 pro-

825 2483 944 2524 positas
999 2480 1177 2522 repellebat.

826 2528 878 2560 Ita
897 2526 961 2568 regi
981 2525 1089 2558 Galliae
1108 2534 1179 2566 pro-

825 2571 964 2613 ponenti,
983 2573 1021 2602 ut
1038 2568 1179 2602 Vicarius

825 2615 975 2658 generalis
999 2613 1099 2657 gallus
1123 2623 1180 2655 pro

826 2661 981 2693 Societate
1014 2659 1048 2690 in
1079 2657 1182 2690 Gallia

827 2707 992 2742 crearetur,
1004 2702 1178 2745 respondit:

828 2749 919 2789 „Sv'nt
951 2752 985 2781 ut
1017 2750 1097 2786 sunt,
1128 2749 1180 2778 aut

826 2805 889 2828 mm
910 2792 1010 2826 sint!“

965 3145 1025 3179 323

1198 473 1474 514 centurione,
1497 473 1640 510 Aloysius
1666 471 1732 512 (na-
1764 470 1841 501 1756
1874 479 1919 511 sq.
1949 469 2084 502 Venetiis
2117 469 2308 511 experimen-

1216 522 1266 550 tus
1289 518 1366 550 1686
1387 517 1513 556 Genuae,
1539 517 1617 558 ingr.
1641 515 1731 557 1703)

1215 563 1312 595 lector
1366 562 1483 594 artium
1542 560 1727 599 liberalium,

1218 606 1421 649 philosophiae
1449 609 1482 638 et
1510 605 1683 647 theologiae,
1714 614 1734 636 a

1220 652 1297 684 1751
1324 651 1481 683 Assistens
1509 649 1619 689 Italiae,
1648 649 1733 681 deni-

1220 706 1279 738 que
1305 696 1445 728 Vicarius
1469 694 1629 737 generalis,
1656 693 1732 726 elec-

1199 920 1388 952 Decreta
1430 916 1733 959 Gongregatio-

1226 963 1296 996 nis
1318 962 1491 997 xvnn

1201 1026 1225 1052 1.
1243 1023 1367 1051 Generali
1377 1023 1406 1051 in
1418 1024 1512 1058 Gongr.
1526 1022 1642 1058 generali
1654 1022 1670 1049 2
1682 1021 1736 1048 suf-

1239 1060 1325 1095 fragia
1342 1061 1511 1095 competunt;

1201 1114 1225 1141 2.
1244 1112 1360 1140 Poloniae
1375 1114 1404 1140 et
1418 1112 1568 1139 Lithuaniae
1583 1110 1738 1139 conceditur

1244 1149 1367 1184 proprius
1383 1148 1530 1181 Assistens;

1202 1202 1226 1230 3.
1244 1201 1364 1228 formulae
1382 1201 1622 1236 Congregaticnum
1639 1199 1738 1227 exami-

1244 1239 1346 1264 nantur
1364 1239 1392 1264 et
1411 1237 1536 1272 quaedam
1555 1236 1704 1268 adduntun

797 1278 884 1310 1758·
905 1279 932 1311 1·
952 1278 1027 1320 ΑΡΥ·
1047 1277 1089 1309 Ῑη
1105 1287 1171 1317 3296·
1203 1291 1227 1317 4.
1246 1290 1281 1317 ad
1293 1289 1504 1325 promovendum
1516 1289 1639 1324 spiritum
1652 1291 1739 1316 atten-

1247 1326 1328 1353 datur
1341 1325 1464 1357 crationi,
1477 1325 1673 1357 indifferentiae,
1687 1327 1739 1352 ter-

1246 1362 1291 1389 tiae
1300 1361 1461 1396 probationi,
1471 1361 1742 1395 novitiamfijuniora-

1247 1398 1300 1430 tui;
1321 1397 1454 1424 habeatur
1474 1405 1538 1424 cura
1557 1397 1671 1424 fratrum
1692 1397 1740 1424 Co-

1248 1432 1414 1467 adjutorum
1425 1433 1546 1459 vitentur
1555 1433 1740 1464 commoditas,

1248 1469 1344 1501 otium,
1365 1468 1461 1504 agendi
1479 1469 1549 1495 ratio
1569 1469 1708 1496 saecularis.

1784 514 1855 546 talis
1894 514 2097 556 philosophiae
2137 513 2307 552 academia,

1784 558 1834 591 cui
1860 562 1972 600 praeest
1993 558 2098 591 Barth.
2121 558 2156 590 de
2173 557 2309 599 Pam'yai

1784 603 1814 636 S.
1832 602 1873 642 J„
1889 603 1922 634 in
1937 603 2002 635 dies
2018 606 2159 645 augetur,
2177 606 2209 634 et
2224 605 2308 634 stato

1784 647 1988 679 hebdomadae
2000 647 2050 679 die
2060 647 2226 679 confluunt
2236 646 2310 678 ado-

1784 691 1933 724 lescentes
1948 692 2073 733 patricii
2091 695 2123 724 et
2136 691 2196 723 viri
2210 691 2310 723 laure-

1786 736 1840 775 ati,
1863 740 1901 768 ut
1922 736 1961 768 de
1982 736 2068 768 rebus
2090 736 2226 777 physicis
2250 735 2311 767 dis-

1786 784 1907 813 seratur
1943 785 1977 813 et
2008 785 2189 823 opportuna
2221 790 2311 822 pera-

1785 829 1902 868 gantur
1924 826 2137 866 experimenta.

1769 959 1855 991 1757.
1878 959 1925 992 31.
1941 959 2016 991 Dec.
2035 958 2180 991 Vice‘ntiae
2195 968 2313 990 novum

1788 1003 1818 1036 S.
1836 1003 1866 1036 J.
1883 1002 2037 1045 templum
2052 1003 2231 1035 solemniter
2246 1003 2313 1034 Deo

1790 1048 2028 1125 {ssglsssffnatio
2043 1051 2076 1080 et
2089 1047 2216 1090 Aloysio
2231 1047 2314 1079 dica-

1772 1271 1850 1303 1757
1870 1271 2000 1303 Jesuitae
2019 1271 2052 1302 in
2070 1270 2171 1302 Gallia
2192 1279 2316 1302 accusa-

1792 1316 1908 1348 bantur
1934 1325 1998 1347 esse
2024 1314 2188 1356 complices
2215 1314 2317 1346 sicarii

1793 1360 1924 1392 Roberti
1961 1360 2118 1392 Francisci
2155 1359 2316 1398 Damiens,

1794 1405 1847 1447 qui
1864 1408 1995 1437 conatus
2013 1408 2082 1436 erat
2100 1403 2238 1436 occidere
2256 1403 2317 1435 Lu-

1793 1450 1940 1481 dovicum
1966 1449 2037 1481 XV.
2090 1448 2134 1480 At
2160 1448 2318 1480 calumnia

1792 1494 1960 1526 manifesta
1993 1493 2093 1525 fiebat
2126 1502 2182 1534 per
2215 1492 2318 1534 inqui-

1793 1539 1937 1571 sitionem
1968 1538 2175 1580 judiciariam.

1206 1763 1294 1795 1756.
1306 1763 1354 1795 29.
1363 1762 1437 1795 Jun.
1449 1762 1599 1803 Epistola:
1611 1762 1657 1794 De
1666 1766 1741 1801 spiri·
1774 1761 1912 1794 Accessit
1936 1760 2045 1792 infelix
2071 1770 2166 1792 causa
2190 1761 2319 1792 Antonii

1228 1809 1260 1834 tu
1274 1808 1372 1834 nostrie
1387 1806 1544 1834 vocationis.

1792 1807 1959 1843 Lavalette,
1974 1805 2014 1837 ab
2034 1815 2062 1838 a.
2080 1805 2158 1837 1753
2174 1804 2318 1846 Superio-

1792 1851 1834 1883 ris
1862 1850 2017 1883 missionis
2044 1850 2077 1882 in
2105 1848 2209 1881 insula
2236 1849 2319 1881 Mar-

1792 1895 1898 1928 tinica.
1945 1894 2005 1927 Hic
2030 1897 2140 1926 contra
2163 1893 2247 1936 leges
2271 1903 2319 1925 ec-

1793 1939 1979 1972 clesiasticas
1999 1942 2032 1971 et
2049 1938 2155 1971 insciis
2174 1937 2320 1980 Superio-

1792 1984 1878 2016 ribus
1904 1987 2113 2016 mercaturam
2140 1982 2258 2015 faciens
2286 1985 2320 2014 et

1793 2028 1894 2061 aleam
1927 2027 2148 2070 negotiationis
2181 2027 2319 2066 subiens,

1212 2298 1299 2331 1757.
1317 2297 1365 2330 13.
1384 2297 1447 2330 Jul.
1465 2297 1564 2339 Praep.
1583 2297 1742 2330 Generalis
1775 2295 1862 2334 1755,
1897 2296 1914 2327 2
1947 2294 2080 2327 navibus
2112 2304 2168 2336 per
2199 2294 2318 2335 piratas

1230 2342 1351 2375 reducit
1364 2344 1397 2375 G.
1415 2342 1622 2374 Tusculanum
1635 2342 1668 2373 in
1684 2341 1742 2373 Re-

1230 2387 1391 2419 sidentiam
1425 2388 1456 2420 0.
1493 2387 1636 2418 Romano
1671 2386 1742 2418 sub-

1230 2431 1356 2473 jectam.

1214 2699 1302 2733 1757.
1318 2699 1346 2731 2.
1364 2698 1433 2730 Oct.
1449 2697 1470 2739 †
1484 2699 1534 2730 Al.
1550 2698 1742 2730 centurione.

1449 3140 1508 3174 324

1795 2340 1895 2382 captis
1926 2339 2097 2371 maximam
2128 2348 2238 2380 passus
2271 2340 2320 2370 est

1794 2384 1960 2426 jacturam,
1983 2394 2078 2426 quam
2099 2383 2227 2415 resarsit
2248 2392 2320 2424 pro-

1795 2433 1920 2461 curator
1930 2427 2083 2461 missionis
2094 2427 2245 2459 Americae
2255 2436 2319 2458 me-

1794 2473 1963 2512 ridionalis,
1995 2473 2046 2506 Jo.
2075 2472 2139 2505 Pet.
2167 2472 2256 2504 Dom.
2284 2470 2319 2503 de

1793 2518 1883 2559 Sacy,
1906 2517 2032 2549 Parisiis
2053 2516 2190 2549 residens
2213 2516 2246 2558 (†
2269 2515 2317 2548 12.

1795 2563 1875 2595 Nov.
1900 2562 2001 2604 1772).
2025 2561 2141 2594 Verum
2165 2570 2236 2592 cum
2259 2559 2319 2592 La-

1795 2607 1914 2639 valette
1926 2606 2004 2638 1756
2017 2609 2127 2638 contra
2139 2614 2319 2646 expressum

1795 2651 1930 2684 vetitum
1949 2650 2150 2692 Superiorum
2169 2658 2255 2681 nova
2272 2648 2320 2680 in-

1794 2696 1877 2728 felici
1922 2694 2133 2737 negotiatione
2179 2693 2320 2725 maxima

1795 2741 1912 2772 damna
1924 2749 2033 2781 passus
2047 2742 2137 2778 esset,
2152 2738 2218 2770 haec
2230 2747 2319 2779 repa-

1794 2794 1862 2817 rare
1899 2784 2029 2816 Jesuitae
2063 2783 2097 2814 in
2134 2782 2238 2815 Gallia
2273 2791 2319 2814 re-

1796 2832 1953 2868 cusarunt,
1971 2830 2083 2869 utpote
2100 2827 2208 2859 debita
2224 2825 2319 2858 solius

1794 2873 1947 2906 missionis
1967 2871 2148 2904 Martinicae.
2170 2870 2319 2903 Ambu-

1794 2918 1859 2951 nali
1875 2916 2030 2950 consulari
2039 2915 2224 2948 Massiliensi
2240 2914 2319 2946 1760

1794 2962 1828 2994 111
1847 2962 1980 2994 solidum
2000 2959 2199 2993 condemnati
2214 2958 2319 3001 appel-

1795 3007 1941 3039 laverunt
1968 3005 2009 3038 ad
2036 3004 2281 3037 Parlamentum.

2011 3138 2070 3171 325
