2372 3550
825 275 858 310 6.
886 271 1101 309 Μ155101105
1129 269 1171 306 in
1198 270 1341 319 patria.

34 376 244 410 missionarius
265 375 298 406 in
320 373 480 411 Bohemia,
503 371 652 409 Moravia‚
676 370 847 412 Hungaria.
869 369 888 411 †
910 369 956 401 15.
979 368 1053 409 Maj.

35 422 112 454 1643
130 421 200 462 (aut
217 419 317 460 1645).

112 474 249 506 Andreas
273 471 397 509 Metsch,
423 474 488 502 nat.
515 469 592 501 1586
616 469 648 500 in
672 468 748 500 urbe
762 466 956 508 Riedlingen,
981 476 1055 507 pue-

34 519 118 551 rulus
137 518 224 550 venit
242 517 274 548 in
293 515 448 553 Silesiam3
467 514 621 556 ingressus
642 513 719 545 1603
739 512 861 544 Brunae.
898 511 1054 543 Praestans

34 563 190 605 operarius
223 560 410 603 apostolicus
442 558 598 591 convertit
630 557 762 599 amplius
794 556 902 588 10000
933 555 1054 587 11311011-

34 618 139 640 00111111
160 607 193 638 111
215 604 374 642 Bohemia,
395 603 545 641 Moravia,
567 602 684 640 Silesia,
707 601 789 633 alibi.
812 601 831 642 †
852 599 951 632 Glacii
971 609 1053 631 anno

35 652 138 684 aetatis
157 651 204 683 65.
225 650 272 681 23.
292 649 366 681 Feb.
388 648 474 680 1651.

114 704 252 736 Adamas
278 701 466 739 Krawarski,
494 704 587 732 natus
615 700 642 731 1.
669 698 744 739 Maj.
773 697 850 729 1578
876 697 908 729 in
934 696 1051 734 Silesia,

32 750 109 791 ingr.
133 748 246 780 Brunae
266 747 313 779 23.
335 747 421 787 Sept.
444 746 531 783 1607,
552 745 585 775 in
607 743 758 775 Bohemia
778 741 934 774 convertit
953 740 1054 773 multa

33 793 131 825 millia
149 792 373 824 haereticorum.
394 790 414 831 †
433 790 541 831 Pragae
560 789 607 820 30.
629 788 708 829 Aug.
730 787 816 819 1660.

111 845 250 877 <Ioannes
275 843 465 880 Stankowitz,
494 841 624 874 eximius
650 850 706 881 per
731 848 829 871 annos
855 839 893 870 53
920 842 956 869 ut
983 847 1053 878 ope-

33 890 131 923 rarius
149 888 336 931 apostolicus
354 888 387 919 in
404 887 516 919 Tureia
533 890 565 918 et
583 884 752 927 Hungaria.
770 884 790 925 †
805 884 852 915 25.
872 883 945 915 Dec.
965 882 1050 914 1673.

445 974 646 1009 Polonia.

113 1044 294 1075 Benedictus
328 1044 505 1078 Herbestus,
536 1040 691 1082 professor
715 1038 880 1075 Cracoviae,
908 1037 979 1069 dein
1006 1047 1055 1068 ca-

33 1088 162 1121 nonicus
189 1091 221 1120 et
247 1087 447 1119 concionator
472 1085 621 1123 Posoniae,
649 1088 721 1125 post
745 1083 916 1125 ingressum
943 1081 975 1113 111
1001 1081 1055 1113 So-

34 1133 179 1166 cietatem
197 1133 257 1173 (31.
275 1132 367 1163 Mart.
386 1131 477 1172 1571)
494 1129 650 1171 operarius
667 1127 731 1160 zelo
749 1132 780 1159 et
796 1127 871 1158 vitae
886 1125 1055 1158 sanctitate

34 1177 161 1219 insignis
183 1176 216 1208 in
238 1176 369 1208 Podolia
391 1179 423 1207 et
446 1173 630 1206 confinibus.
654 1173 673 1214 †
696 1173 722 1204 4.
747 1172 839 1204 Mart.
864 1171 951 1203 1593.

113 1234 286 1267 Stam'slaus
309 1232 474 1271 Grodzicki,
500 1230 694 1263 Posoniensis
720 1230 798 1270 (nat.
826 1229 926 1269 1541),
952 1227 984 1259 in
1010 1227 1056 1259 fu-

34 1279 190 1311 neralibus
224 1279 254 1310 S.
294 1277 441 1309 stanislai
481 1277 589 1308 Romae
628 1278 759 1307 vocatus
794 1273 834 1305 ad
867 1272 1056 1305 Societatem

34 1324 124 1365 (ingr.
153 1323 200 1355 31.
229 1323 322 1354 Mart.
352 1322 452 1363 1571),
481 1321 583 1352 factus
611 1324 658 1351 est
686 1323 752 1351 tarn
780 1317 911 1350 eximius
938 1316 1057 1349 missio-

34 1368 149 1406 narius,
178 1371 215 1399 ut
241 1370 411 1398 mereretur
436 1375 550 1397 nomen
578 1363 711 1405 apostoli
739 1362 923 1394 Lithuaniae.
952 1361 972 1403 †
998 1361 1057 1393 Po-

36 1413 123 1450 sonii,
152 1411 283 1453 expletis
310 1410 399 1443 annis
427 1411 474 1447 72,
502 1410 530 1441 4.
558 1409 650 1440 Mart.
680 1408 766 1440 1613.

114 1464 272 1496 Martinus
292 1464 409 1502 Laszez,
432 1467 498 1495 nat.
522 1463 609 1500 1552,
632 1461 709 1503 ingr.
733 1462 760 1493 1.
784 1460 858 1492 Feb.
882 1460 970 1497 1570,
993 1469 1057 1490 ma-

34 1520 112 1552 gnus
150 1508 369 1547 missionarius,
409 1507 565 1540 convertit
603 1510 706 1538 totum
744 1509 888 1537 senatum
915 1503 1058 1535 Cracovi-

35 1564 149 1592 ensem,
170 1553 348 1585 introduxit
367 1553 400 1584 in
421 1552 582 1584 Poloniam
605 1550 817 1583 adorationem
841 1549 879 1580 40
900 1549 1056 1580 horarum.

36 1599 55 1640 †
77 1608 159 1631 anno
182 1598 285 1630 aetatis
308 1598 355 1629 64.
379 1597 426 1629 23.
450 1597 525 1638 Maj.
550 1596 636 1628 1615.

113 1652 309 1683 Hermannus
328 1649 547 1691 (Ertmannus)
570 1647 774 1689 Tolysdorsius
795 1646 970 1683 Ruthenus,
991 1649 1056 1678 nat.

37 1696 123 1734 1550,
143 1696 220 1737 ingr.
241 1695 329 1733 1581,
350 1694 509 1736 apostolus
528 1692 714 1725 Lithuaniae.
734 1692 753 1733 †
772 1692 799 1723 4.
821 1691 890 1723 Oct.
912 1691 998 1723 1620.

114 1749 162 1782 B.
196 1747 394 1780 Andreas
429 1746 595 1779 Bobola
632 1745 717 1787 (vide
757 1745 898 1786 Beatos),
938 1744 1059 1786 Martyr-

36 1794 83 1826 16.
107 1792 181 1834 Maj.
207 1793 293 1824 1657.

115 1846 252 1878 Andreas
289 1845 405 1886 Stibz'yk
443 1843 710 1886 Brunsbergensis,
749 1846 814 1875 nat.
854 1843 941 1880 1618,
980 1842 1056 1884 ingr.

38 1892 84 1923 19.
113 1891 191 1932 Aug.
222 1890 308 1928 1638,
336 1899 392 1930 per
418 1889 568 1930 majorem
597 1888 671 1920 vitae
697 1891 818 1929 partem
848 1886 1058 1919 missionarius

37 1936 69 1968 in
89 1935 266 1968 Curlandia.
288 1934 308 1976 †
329 1934 376 1966 21.
397 1933 472 1975 Apr.
496 1933 582 1965 1669.

117 1987 275 2020 Martinus
308 1986 476 2028 Tyrawslci,
508 1986 585 2027 ingr.
617 1985 705 2023 1641,
737 1984 867 2016 eximius
898 1984 1058 2016 missiona-

36 2032 100 2065 rius
125 2032 157 2064 in
184 2032 322 2064 Polonia.
349 2032 368 2073 †
395 2031 482 2063 1684.

359 2122 395 2151 111
413 2121 555 2151 restituta
577 2120 737 2151 societate.

117 2183 241 2214 carolus
267 2183 475 2213 Antoniewicz
502 2181 609 2222 (supra
628 2180 710 2221 604).

282 2270 479 2312 Belgium
503 2270 547 2302 et
568 2269 815 2303 Hollamlia.

118 2331 299 2364 Franeiscus
325 2342 344 2363 a
368 2331 525 2363 Montibus
550 2331 625 2372 (van
651 2330 711 2362 den
737 2329 879 2372 Bergen).
929 2330 1057 2363 Deside-

37 2376 129 2408 rabat
159 2380 190 2408 et
229 2376 400 2418 appetebat
429 2375 605 2407 missionem
638 2374 787 2412 Indicam,
819 2379 851 2406 et
881 2374 1058 2407 obedientia

38 2424 177 2453 retentus
193 2421 345 2452 fervorem
361 2420 565 2462 apostolicum
585 2419 778 2451 consecravit
797 2419 915 2460 patriae.
941 2419 961 2461 †
979 2419 1057 2451 Ant—

39 2465 153 2507 verpiae
180 2465 266 2497 1598.

114 2518 278 2550 Gulielmus
311 2517 400 2556 Leon,
434 2517 643 2550 missionarius
676 2526 731 2558 per
769 2517 806 2548 22
848 2527 946 2549 annos
980 2517 1057 2550 bene

38 2562 166 2594 meritus
191 2562 222 2594 in
250 2561 427 2594 Hollandia.
453 2562 472 2603 †
497 2561 633 2603 Trajecti
657 2561 697 2593 ad
722 2561 841 2593 Mosam
867 2562 954 2594 1612.

115 2614 263 2647 Gerardus
293 2614 472 2653 Florentius,
503 2614 606 2655 Belga,
636 2614 727 2646 valde
755 2614 877 2646 fervens
905 2618 937 2646 et
965 2618 1058 2656 aptus

38 2658 249 2691 missionarius
280 2659 313 2691 in
347 2658 523 2690 Hollandia.
556 2659 576 2700 †
607 2658 788 2700 Antverpiae
820 2659 906 2690 1616.

117 2712 252 2744 Joarmes
286 2711 410 2750 Garlier,
447 2711 551 2753 Belga,
586 2711 679 2753 juxta
711 2711 910 2753 Superiorum
945 2715 977 2743 et
1011 2721 1058 2743 so-

39 2756 158 2842 (cffilgsn)
188 2756 386 2833 &gentiam
432 2755 590 2797 exemplar
631 2755 826 2788 missionarii.
860 2756 880 2798 †
913 2755 1058 2789 Atrebati

118 2854 308 2895 Augustinus
328 2864 347 2885 α
370 2853 535 2894 Teih'nyen,
556 2856 621 2885 nat.
644 2853 690 2885 13.
712 2853 775 2885 Jul.
797 2853 874 2885 1587
895 2852 1056 2892 Harlemii,

39 2908 94 2939 per
117 2898 156 2929 50
180 2908 277 2930 annos
301 2898 511 2930 missionarius
536 2897 720 2929 Hollandiae.
745 2898 764 2939 †
788 2898 816 2930 4.
840 2897 920 2940 Aug.
946 2897 1033 2929 1665.

121 2950 227 2983 Petrus
244 2961 304 2983 van
320 2951 370 2983 der
386 2951 479 2989 Laen,
498 2954 563 2983 nat.
583 2951 610 2982 2.
630 2950 703 2983 Feb.
724 2951 801 2983 1618
818 2950 1056 2989 Amstelodami‚

40 2994 116 3036 ingr.
141 2995 170 3026 5.
196 2995 264 3027 Oct.
291 2996 377 3034 1635,
403 2999 547 3027 strenuus
570 3005 625 3036 per
649 3005 746 3027 annos
771 2995 808 3027 18
831 2995 864 3027 in
890 2994 1059 3027 Hollandia

41 3039 260 3072 missionarius.
289 3040 309 3082 ·1·
338 3040 490 3072 Harlemii
518 3040 565 3071 10.
595 3039 658 3072 Jul.
689 3040 776 3072 1669.

519 3119 579 3152 609

1425 369 1461 399 In
1481 368 1623 399 restituta
1643 367 1803 398 societate.

1180 422 1314 452 Isidorus
1329 430 1391 452 van
1405 422 1441 451 de
1456 422 1631 457 Kerkhove‚
1646 422 1712 451 nat.
1731 417 1958 459 Ingehnunster
1973 416 2020 448 15.
2038 416 2125 448 Junii

1102 465 1188 503 1790,
1213 465 1291 506 ingr.
1317 465 1365 497 31.
1391 465 1454 497 Jul.
1481 465 1568 502 1814,
1593 464 1613 505 †
1637 464 1684 495 24.
1711 463 1783 494 ι1311.
1809 462 1896 493 1871.
1950 460 2046 498 Quasi
2070 470 2125 501 per

1101 513 1202 541 totam
1237 509 1337 541 vitam
1376 519 1523 551 magnam
1557 508 1643 540 1113111
1677 506 1859 539 missionum
1894 505 2123 547 expeditionem

1100 554 1250 586 sustinuit
1272 554 1305 585 in
1332 553 1447 596 Belgio.

1524 618 1695 660 Anglia.

1178 676 1225 709 B.
1256 676 1509 708 Edmundus
1540 674 1815 715 campianus,
1856 676 1950 705 natus
1990 671 2125 703 Londini

1099 721 1145 752 29.
1183 720 1255 752 Jan.
1297 721 1383 757 1539,
1421 720 1569 751 diaconus
1609 718 1789 759 anglicanus
1826 717 1920 749 rediit
1955 716 1996 748 ad
2019 715 2125 748 Eccle-

1098 765 1185 802 siam,
1209 764 1310 796 faetus
1333 765 1409 796 1573
1427 764 1557 801 Jesuita,
1580 763 1667 804 jussu
1684 762 1823 804 Gregorii
1838 761 1933 793 XIII.
1957 761 2035 792 1580
2057 760 2124 792 red-

1098 809 1136 840 iit
1164 809 1197 840 in
1229 808 1374 850 Angliam
1406 819 1504 846 suam,
1536 808 1590 839 uhi
1621 810 1694 848 post
1726 806 1827 838 muita
1857 810 1946 848 gesta
1977 804 2125 846 praeclara

1099 853 1242 894 martyrio
1268 856 1424 885 coronatus
1450 853 1511 884 fuit
1537 853 1564 884 1.
1590 852 1664 883 Dec.
1693 851 1779 888 1581,
1806 850 2008 882 beatificatus
2034 850 2122 881 1886.

1176 906 1342 938 Gulielmus
1385 906 1490 937 Bonus
1532 904 1657 946 (Good),
1705 908 1771 935 nat.
1809 904 1896 941 1527,
1934 903 2012 944 ingr.
2051 902 2124 933 Tor-

1099 950 1180 982 nacii
1215 951 1301 989 1562,
1336 950 1369 982 in
1405 950 1510 992 Belgio
1547 949 1720 981 Robertum
1755 948 1938 980 Personium
1973 946 2124 979 Societati

1100 994 1275 1037 acquisivit.
1314 995 1390 1027 Post
1414 995 1432 1027 6
1457 1004 1554 1026 annos
1578 993 1609 1024 in
1632 992 1783 1024 Hibernia
1806 1002 1862 1033 pro
1886 991 2031 1033 religione
2056 1001 2124 1032 per-

1101 1044 1196 1077 actos,
1228 1039 1327 1071 socius
1358 1039 1419 1071 fuit
1448 1038 1577 1070 Antonii
1608 1037 1768 1069 Possevini
1797 1036 1831 1068 in
1861 1036 1973 1068 Suecia
2003 1039 2036 1067 et
2064 1035 2124 1066 Po-

1099 1084 1191 1122 Ionia,
1220 1084 1346 1116 tandem
1376 1087 1476 1115 rector
1502 1082 1628 1124 Collegii
1653 1081 1817 1124 Anglicani
1844 1081 1876 1112 in
1905 1080 1981 1112 urbe
2011 1080 2123 1111 Roma.

1100 1129 1120 1171 †
1143 1128 1275 1170 Neapoli
1296 1129 1325 1160 5.
1351 1128 1429 1160 Julii
1451 1128 1538 1160 1586.

1180 1181 1256 1213 Ven.
1282 1181 1425 1213 Robertus
1450 1179 1655 1217 Southwellus,
1682 1183 1776 1211 natus
1809 1179 1887 1210 1560
1911 1178 1944 1209 in
1970 1176 2123 1209 comitatu

1103 1226 1315 1263 Norfolciensi,
1349 1225 1449 1257 Duaci
1486 1225 1543 1256 sub
1566 1225 1600 1256 P.
1623 1224 1726 1256 Lessio
1763 1222 1966 1265 philosophiae
2002 1221 2126 1253 studuit

1103 1275 1135 1303 et
1163 1271 1272 1302 Romae
1300 1271 1347 1302 17.
1378 1270 1447 1301 Oct.
1478 1269 1555 1301 1578
1583 1269 1615 1300 111
1643 1268 1834 1300 novitiatum
1862 1266 2004 1299 intravit.
2034 1266 2125 1297 Anno

1103 1315 1180 1347 1586
1205 1315 1317 1346 missus
1343 1318 1389 1346 est
1415 1324 1485 1346 011111
1511 1314 1546 1346 P.
1573 1314 1710 1345 Garneto
1735 1313 1768 1344 111
1793 1312 1948 1354 Angliam,
1975 1310 2029 1342 ubi
2054 1313 2127 1351 post

1103 1361 1121 1392 6
1147 1370 1244 1391 annos
1269 1358 1411 1391 laborum
1438 1358 1701 1390 missionariorum
1727 1357 1834 1398 plenos
1860 1357 1907 1388 25.
1935 1355 2022 1387 ι1111111
2048 1354 2126 1386 1593

1104 1408 1214 1446 captus
1242 1407 1274 1436 et
1300 1407 1428 1435 necatus
1456 1408 1503 1435 est
1530 1402 1663 1434 Londini
1689 1403 1737 1434 21.
1764 1401 1839 1433 Feb.
1868 1401 1955 1433 1595.

1182 1462 1333 1492 Henricus
1350 1463 1511 1497 nanetus,
1530 1464 1595 1492 nat.
1617 1459 1848 1501 Nottinghamii
1866 1459 1953 1497 1555,
1974 1459 2020 1489 11.
2039 1457 2124 1498 Sept.

1104 1506 1181 1538 1575
1204 1506 1293 1547 ingr.,
1318 1505 1461 1537 incubuit
1484 1505 1515 1536 111
1540 1505 1646 1536 studia
1669 1504 1726 1535 sub
1751 1503 1868 1541 Clavio,
1893 1502 2045 1539 Suaresio,
2071 1502 2126 1533 Pe-

1102 1551 1189 1588 reira,
1220 1549 1417 1587 Bellarmino,
1451 1550 1552 1581 factus
1584 1549 1681 1581 lector
1711 1547 1913 1590 philosophiae
1944 1551 1976 1579 et
2006 1546 2126 1578 mathe-

1102 1605 1178 1627 seos.
1225 1594 1274 1626 Ab
1299 1604 1381 1626 anno
1407 1595 1483 1626 1586
1508 1604 1562 1635 per
1586 1594 1623 1625 18
1647 1603 1744 1625 annos
1768 1591 1997 1624 missionarium
2022 1594 2127 1632 egerat

1101 1640 1133 1671 in
1159 1639 1282 1682 Anglia,
1310 1649 1380 1671 cum
1409 1639 1497 1680 quasi
1524 1638 1666 1679 complex
1694 1637 1918 1679 conjurationis
1944 1635 2127 1678 pulverariae

1103 1688 1267 1716 accusatus
1292 1688 1325 1715 et
1348 1684 1442 1715 morti
1467 1683 1611 1715 addictus
1636 1686 1692 1714 est.
1718 1682 1746 1714 3.
1771 1682 1846 1724 Maj.
1873 1681 1960 1713 1606.

1183 1742 1258 1773 Ven.
1294 1743 1455 1772 Eduardus
1486 1742 1664 1777 Omoemus,
1698 1742 1763 1771 nat.
1799 1739 1874 1770 1561
1908 1738 1940 1769 in
1974 1737 2126 1770 comitatu

1103 1785 1302 1823 Eboracensi,
1338 1786 1415 1827 ingr.
1454 1786 1531 1817 1588
1564 1785 1706 1816 sacerdos
1750 1784 1857 1815 Romae
1892 1782 2054 1814 ordinatus
2096 1785 2128 1813 et

1103 1831 1211 1863 eodem
1230 1841 1312 1862 anno
1331 1830 1441 1862 missus
1461 1830 1492 1861 in
1512 1829 1655 1871 Angliam
1676 1828 1895 1860 missionarius.
1932 1827 2009 1859 Post
2027 1826 2128 1858 multa

1102 1886 1157 1917 per
1178 1885 1275 1907 annos
1299 1876 1335 1907 17
1357 1875 1389 1906 in
1411 1875 1563 1906 comitatu
1588 1872 1819 1905 Worcestriensi
1842 1872 2041 1913 (Worcester)
2062 1871 2127 1902 feli-

1103 1920 1179 1953 citer
1200 1924 1289 1962 gesta
1315 1920 1354 1951 ob
1381 1919 1511 1951 eandem
1538 1919 1700 1955 rationem,
1729 1928 1764 1949 ac
1791 1917 1824 1949 P.
1848 1917 2012 1954 Garnetus,
2041 1916 2127 1947 Wor-

1103 1965 1207 1997 cestrii
1229 1968 1329 1996 morte
1349 1964 1479 2006 punitus
1500 1968 1547 1995 est
1569 1964 1654 1995 1606.

1181 2017 1398 2050 Robertus
1428 2016 1683 2056 Pel-conius,
1716 2015 1800 2046 filius
1841 2013 1998 2055 martyris,
2027 2013 2127 2045 socius

1102 2061 1281 2103 Campiani,
1330 2061 1473 2093 defensor
1511 2060 1664 2102 religionis
1707 2059 1867 2092 catholicae
1908 2058 2051 2100 princeps
2095 2057 2127 2089 in

1103 2106 1217 2149 Anglia
1241 2106 1261 2147 †
1288 2106 1376 2138 1610.

1184 2159 1326 2191 Robertus
1357 2157 1582 2190 Abircromhz'us
1613 2157 1841 2189 missionarium
1873 2166 1928 2198 per
1960 2156 1997 2187 19
2029 2165 2128 2187 annos

1103 2203 1218 2246 agebat
1248 2203 1280 2235 in
1313 2203 1427 2239 Scotia,
1462 2206 1604 2234 mortuus
1637 2212 1730 2234 senex
1764 2201 1978 2244 octogenarius
2012 2200 2128 2232 Bruns-

1104 2249 1205 2291 bergae
1229 2249 1276 2280 27.
1302 2247 1377 2290 Apr.
1406 2247 1492 2279 1613.

1181 2300 1317 2333 Joamoes
1345 2300 1503 2337 Gerar-dus,
1536 2302 1601 2330 nat.
1635 2298 1721 2335 1564,
1753 2297 1830 2339 ingr.
1862 2296 1891 2329 5.
1923 2296 2003 2337 Aug.
2036 2296 2125 2334 1588,

1102 2356 1157 2388 per
1179 2345 1295 2377 multos
1320 2355 1417 2377 annos
1441 2343 1652 2376 missionarius
1676 2342 1707 2374 in
1732 2341 1853 2384 Anglia,
1879 2351 1917 2373 ex
1942 2340 2021 2373 turri
2044 2340 2126 2372 Lon-

1102 2390 1232 2428 dinensi,
1266 2390 1298 2422 in
1333 2400 1395 2431 qua
1428 2388 1571 2430 captivus
1605 2386 1814 2424 detinebatur,
1850 2385 1951 2418 evasit
1983 2384 2125 2417 feliciter.

1101 2435 1121 2477 †
1146 2435 1254 2467 Romae
1278 2435 1326 2466 27.
1353 2434 1416 2466 Jul.
1444 2433 1530 2465 1637.

1183 2486 1352 2519 Riehardus
1376 2486 1487 2527 Holtby
1511 2485 1658 2526 (Ducket,
1684 2484 1841 2526 Spencer),
1867 2483 1937 2525 plus
1963 2494 2061 2516 annos
2087 2484 2126 2515 50

1102 2532 1266 2566 continuos
1287 2532 1319 2563 in
1341 2531 1454 2572 Anglia
1476 2529 1680 2562 consumebat
1700 2529 1733 2561 in
1755 2528 1913 2561 laboribus
1936 2528 2124 2570 apostolicis.

1103 2577 1204 2609 Natus
1233 2581 1301 2609 erat
1330 2576 1406 2608 1552
1437 2579 1493 2607 aut
1522 2574 1608 2612 1553,
1638 2573 1715 2615 ingr.
1747 2573 1824 2605 1583
1854 2573 2015 2611 Viroduni,
2047 2573 2126 2604 1589

1102 2621 1214 2654 missus
1240 2621 1273 2653 in
1299 2620 1455 2662 Angliam.
1483 2619 1502 2661 †
1529 2619 1576 2651 25.
1605 2618 1679 2660 Maj.
1709 2618 1795 2650 1640.

1182 2674 1318 2706 Joannes
1339 2673 1475 2705 Piscator
1491 2672 1620 2713 (Fisher,
1645 2671 1768 2713 proprie
1785 2671 1917 2712 Piercy),
1943 2681 1981 2702 ex
2005 2669 2126 2702 familia

1102 2718 1338 2760 protestantica,
1366 2727 1463 2749 annos
1489 2720 1582 2748 natus
1608 2716 1645 2748 15
1672 2716 1805 2747 Romam
1829 2715 1988 2756 profectus
2013 2715 2126 2746 studiis

1101 2763 1201 2795 finitis
1228 2763 1261 2794 in
1282 2762 1427 2804 Angliam
1455 2761 1594 2798 revertit,
1624 2764 1660 2792 ut
1687 2760 1821 2792 salutem
1848 2759 2048 2801 popularium
2076 2769 2126 2790 su-

1103 2817 1191 2839 orum
1216 2810 1424 2849 promoveret.
1478 2806 1554 2837 Inde
1581 2804 1708 2846 praemia
1734 2804 1809 2836 tulit
1835 2813 1979 2841 carceres,
2007 2803 2124 2845 fugam,

1102 2852 1232 2890 labores,
1254 2851 1390 2883 exilium.
1411 2850 1431 2892 †
1451 2860 1545 2882 senex
1566 2850 1652 2881 1641.

1181 2904 1257 2936 Ven.
1280 2902 1459 2935 Edmumzus
1473 2901 1727 2939 Arrowsmithius,
1748 2904 1813 2932 nat.
1835 2900 1912 2932 1585
1925 2899 2123 2938 Lancastriae,

1102 2949 1165 2981 fere
1188 2952 1289 2981 totam
1312 2947 1411 2979 vitam
1434 2946 1571 2978 missioni
1592 2946 1703 2988 patriae
1725 2945 1892 2977 dedicavit.
1938 2945 2046 2976 Annos
2069 2954 2125 2976 113-

1103 2997 1154 3026 tus
1180 2993 1219 3025 43
1245 2991 1434 3024 Lancastriae
1460 2994 1588 3023 cruenta
1614 2994 1714 3022 morte
1741 2989 1873 3022 affectus
1901 2993 1949 3021 est
1974 2989 2022 3022 28.
2049 2989 2124 3030 Sep-

1103 3037 1235 3070 tembris
1260 3037 1348 3069 1628.

1581 3114 1641 3147 610
