2372 3550
121 319 280 355 Hispania,
301 318 459 347 Lusitania
606 316 780 351 Germania,
802 315 941 351 Belgium

1125 315 1247 350 Anglia‚
1269 314 1396 344 Polonia

1674 313 1834 343 Missiones
1855 313 1972 342 exterae

550 442 707 474 Martinus
713 442 851 473 Beeanus
863 442 874 482 (
878 442 897 483 †
910 441 999 482 1624)

1521 440 1606 472 1618.
1621 440 1656 470 In
1668 439 1822 479 AEthinpia
1832 439 1929 471 frater
1940 439 2139 480 Imperatoris

54 490 130 521 1619
154 488 268 530 Incipit
289 487 425 520 habitari
447 489 523 525 pr.
576 491 607 518 et
616 486 782 518 Gulielmius
792 486 1000 517 Lamormaim'
1035 486 1157 517 1619V.
1164 487 1212 517 Pr.
1218 485 1337 526 Anqliae
1348 485 1483 527 erigitur.
1540 484 1612 516 Cela
1636 503 1675 506 v
1700 484 1839 516 Christus
1864 493 1928 515 rem
1954 483 2139 515 catholicam

1055 530 1132 560 1623
1147 531 1195 561 Pr.
1205 530 1483 561 factanumerabat
1539 532 1712 570 promovet.
1747 528 1843 560 Sociis
1873 528 2028 559 extruitur
2063 531 2140 559 tem-

74 532 330 575 Ulyssiponensis.
570 531 604 572 (†
624 532 713 572 1648)
733 531 910 562 confessarii
928 530 999 561 Fer-

570 575 699 607 dinandi
722 575 762 607 Π.

550 665 571 696 J
573 664 678 695 esuitae
693 666 881 705 promovent
895 673 1000 694 verani

570 718 691 740 morum
701 708 952 740 reformationem
963 717 1011 739 ca-

570 752 728 784 tholicam.

7 916 10 920 .
57 888 134 919 1620
146 886 331 918 Emmanuel
343 886 439 928 Viega
451 890 514 918 tur-
552 886 637 917 1619.
673 887 698 917 7.
732 886 817 926 Sept.
852 884 1001 916 Gassoviae

74 932 129 964 bas
140 931 172 963 in
183 931 351 963 Imsitam’oe
361 931 526 963 Provincia
571 930 644 962 diris
655 929 841 961 cruciatibus
852 932 1002 960 necantur

73 976 211 1009 excitans
225 979 297 1017 post
310 975 514 1007 difficultates
571 985 590 1006 a
626 973 814 1006 Calvinianis
851 973 1001 1004 militibus

72 1020 174 1052 varias
204 1020 383 1052 dimittitur.
415 1039 453 1042 —
483 1021 513 1052 C.
576 1020 745 1056 Stephanus
781 1020 935 1055 Pongracz
971 1021 1003 1048 et

72 1065 297 1097 Scalabitanam
312 1064 512 1106 (Santarem).
571 1065 717 1094 Melchior
745 1064 877 1094 Grodecz
908 1062 937 1093 S.
970 1062 999 1093 J.

571 1118 641 1140 cum
657 1108 761 1139 Marco
777 1107 895 1138 Crisino
912 1116 1002 1138 cano—

570 1152 639 1184 nico
668 1152 713 1191 (=
750 1151 834 1183 beati
864 1152 889 1183 1.
921 1151 1000 1182 Nov.

572 1197 670 1236 1904).

553 1285 630 1318 1620
643 1287 673 1317 C.
688 1285 873 1316 Gasletense
866 1294 897 1316 ln
911 1283 1002 1315 Flan-

572 1330 627 1361 dro
642 1348 679 1351 —
683 1329 735 1368 N
737 1329 918 1361 wellensem
932 1328 1003 1360 Gal-

572 1374 614 1406 lo-
603 1356 749 1416 -Belg⁷ica.
778 1393 815 1395 —
841 1373 888 1405 25.
916 1373 1000 1414 Sept.

572 1418 758 1450 Godefridus
770 1418 885 1450 Thelen
895 1418 934 1449 ab
945 1417 1006 1449 hae-

572 1463 675 1495 reticis
696 1467 833 1495 necatur.

55 1555 131 1586 1621
153 1554 172 1596 †
192 1553 354 1595 Philippus
376 1553 446 1591 ΠΙ.
468 1553 517 1584 cui
555 1553 632 1584 1620
658 1551 833 1583 Persecutio
863 1551 1005 1583 continu-

74 1598 219 1630 morienti
248 1598 415 1630 assistebat
443 1597 516 1629 Hie-
574 1597 666 1628 atur
659 1607 691 1627 1n
706 1596 885 1635 Hollandia;
899 1595 1006 1627 multae

74 1653 138 1675 ron.
180 1642 343 1681 Florentia,
386 1642 517 1674 eximius
575 1641 716 1673 oriuntur
725 1640 929 1672 difficultates
939 1650 1009 1672 cum

76 1687 275 1720 concionator
295 1687 329 1729 (†
351 1687 450 1728 1633).
575 1685 702 1717 Vicariis
723 1684 908 1726 apostolicis,
931 1685 1004 1716 dum

573 1730 605 1762 in
627 1730 728 1770 Belgio
746 1733 857 1770 regnat
874 1739 946 1770 pax.
968 1748 1003 1751 -—

574 1794 611 1796 —
622 1775 660 1806 M
663 1774 757 1806 {chael
766 1773 876 1815 Sybold
886 1777 1009 1805 strenue

574 1819 706 1857 laborat,
719 1822 755 1850 ut
766 1818 907 1850 subditos
919 1818 1005 1850 ducis

576 1863 802 1905 Neoburgensis
842 1863 874 1894 in
916 1862 1006 1894 Pala-

574 1908 672 1940 tinatu
699 1907 808 1939 Norico
836 1907 876 1939 ad
903 1907 1006 1939 Eccle-

575 1952 653 1984 siam
691 1952 860 1984 reduceret.
900 1971 937 1973 —
975 1953 1005 1983 C.

576 1997 775 2038 Friburqoezse
794 1996 921 2038 (Brisg.)

57 2087 313 2129 Archiepiscopus
330 2087 474 2119 Eborensi
488 2088 518 2119 C.
556 2086 642 2118 1620.
675 2087 722 2117 22.
758 2086 835 2117 Nov.
868 2085 1006 2117 Societas

76 2142 186 2174 graves
226 2131 383 2164 molestias
424 2135 517 2163 creat.
576 2130 759 2206 ssgaqunusst
778 2130 811 2162 in
833 2129 1007 2161 Bohemiam

561 2309 637 2340 1621
672 2310 702 2340 C.
742 2307 944 2348 Terg-minum
978 2310 1010 2338 et

577 2352 748 2384 Goritiense.
761 2371 798 2374 ἢ
808 2351 966 2383 Missiones
977 2351 1008 2382 in

580 2397 758 2429 Palatinam
766 2395 926 2437 superiore,
937 2396 1011 2427 Am-

578 2442 687 2483 bergae,
698 2440 838 2478 Chambi,
852 2440 1009 2472 Novofori.

62 2709 139 2741 1622
155 2710 274 2746 Ignatio
290 2712 321 2740 et
336 2711 444 2740 Franc.
461 2710 523 2738 Xa-
560 2708 636 2739 1622
649 2707 822 2739 Discidium
835 2706 1010 2739 Academiae

81 2755 162 2785 vei-io
174 2753 207 2785 in
218 2753 404 2785 Sanctorum
417 2752 523 2784 album
581 2751 761 2784 Viennensis
777 2761 796 2782 a
807 2750 919 2783 scholis
933 2751 962 2782 S.
979 2751 1007 2782 J.

81 2797 186 2830 relatis
216 2797 387 2839 plaudebat
413 2797 525 2839 Hispa·
580 2796 683 2828 studio
705 2795 904 2837 Imperatoris
924 2799 957 2827 et
975 2795 1008 2827 P.

82 2842 135 2874 nia
155 2845 187 2874 et
207 2841 377 2874 Lusitania.
579 2840 718 2882 Argenti,
733 2840 868 2872 sedatur.
886 2839 933 2871 Ob
949 2839 1011 2871 bel-

579 2885 644 2916 lum
662 2884 822 2925 complura
839 2885 869 2916 G.
887 2884 920 2915 in
938 2884 1011 2916 Ger-

580 2929 685 2961 mania
722 2939 741 2960 a
775 2929 871 2961 Sociis
914 2929 1011 2960 deseri

581 2973 755 3016 oportebat.

270 3108 327 3139 158
756 3106 813 3138 159

1055 574 1159 606 Socios
1181 575 1248 606 218

1038 884 1115 915 1620
1126 884 1226 915 Pestis
1238 884 1270 915 in
1284 883 1412 915 Polonia
1425 884 1486 915 vic-

1058 928 1167 960 timam
1193 929 1336 969 poposcit
1356 928 1486 960 Christo-

1056 973 1183 1013 phormn
1198 972 1340 1011 Fabram,
1355 973 1488 1014 quicum

1057 1017 1124 1048 aliis
1141 1020 1253 1058 praesto
1272 1021 1338 1049 erat
1355 1017 1485 1059 aegrotis.

1038 1285 1122 1315 1621.
1138 1284 1240 1325 Caput
1252 1285 1392 1314 stanislai
1401 1286 1493 1315 Rost-

1056 1330 1106 1359 kae
1118 1329 1218 1360 Roma
1228 1329 1414 1360 transfertur
1427 1329 1500 1359 Var-

1057 1373 1182 1411 saviam,
1200 1377 1231 1405 et
1245 1374 1277 1404 in
1293 1373 1359 1414 ejus
1375 1373 1490 1405 adven-

1059 1422 1094 1449 tu
1109 1422 1197 1459 terga
1210 1417 1307 1449 vertit
1321 1417 1490 1449 Turcorum

1059 1462 1221 1494 exercitus.

1042 1552 1126 1582 1621.
1156 1551 1235 1591 Riqa
1259 1551 1339 1583 bello
1365 1551 1490 1583 Suecico

1062 1595 1248 1627 exturbatur
1260 1595 1407 1627 Societas.
1418 1615 1455 1617 ᾲ
1464 1598 1494 1627 C.

1058 1640 1234 1672 Grodnense.

1042 2085 1119 2117 1623
1158 2086 1309 2115 Henricus
1351 2086 1492 2122 sanaem,

1061 2129 1270 2170 Slesvigensis,
1285 2140 1300 2161 e
1313 2129 1492 2161 Lutherano

1062 2173 1232 2205 catholicus
1259 2177 1291 2205 et
1316 2173 1448 2211 Jesuita‚
1476 2184 1494 2206 a

1063 2218 1269 2260 Propaganda
1296 2218 1328 2249 in
1354 2218 1494 2250 Saeciam

1063 2262 1183 2299 missus,
1207 2263 1339 2304 capitur,
1364 2267 1411 2295 ter
1433 2266 1494 2294 tor-

1064 2311 1185 2348 quetur,
1197 2307 1308 2348 capitis
1318 2307 1496 2345 damnatur,

1064 2351 1116 2383 sed
1138 2351 1231 2383 venia
1252 2351 1328 2383 data
1349 2362 1364 2383 e
1385 2352 1496 2384 Suecia

1064 2395 1187 2428 exulare
1199 2396 1328 2437 cogitur.
1342 2415 1379 2418 —
1390 2396 1494 2428 Missio

1062 2440 1095 2472 in
1111 2440 1217 2472 Dania
1229 2440 1346 2472 frustra
1361 2444 1492 2472 tentata.

1046 2795 1122 2827 1623
1138 2796 1242 2827 Datur
1259 2795 1355 2827 Sociis
1371 2797 1419 2827 Pr.
1431 2795 1495 2826 An-

1063 2839 1131 2880 qliae
1153 2842 1230 2877 pr.
1251 2839 1397 2871 Gandavi.

1241 3105 1299 3138 160

1540 572 1636 614 plum
1659 572 1765 604 Petrus
1785 572 1864 603 Paee
1885 576 2025 604 remanet
2057 572 2140 613 apud

1547 618 1779 658 Imperatorem,
1800 617 1909 648 Franc.
1928 616 2000 648 Am.
2022 616 2057 648 de
2075 616 2140 647 An—

1544 662 1616 702 qelis
1637 661 1676 693 ad
1695 662 1797 702 Agaos
1818 671 1848 693 se
1868 660 1996 692 confert.

1524 751 1599 782 1619
1622 752 1663 782 Μ.
1685 749 1793 782 Sinica
1813 749 1853 781 fit
1874 751 1909 781 V.
1931 751 1979 781 Pr.

1522 884 1599 915 1620
1619 883 1710 915 Fides
1730 883 1762 914 in
1783 883 1927 915 Sinarum
1949 882 2142 924 provinciam

1542 927 1758 960 Xamsiensem
1778 927 1947 959 invehitur.

1524 1062 1600 1093 1620
1621 1060 1792 1102 Episcopus
1814 1060 2006 1092 Coccinensis
2027 1060 2143 1102 gravis·

1542 1106 1635 1137 simas
1660 1104 1864 1137 difficultates
1890 1109 1974 1137 creat
1989 1105 2086 1136 Sociis
2111 1105 2143 1136 in

1543 1160 1597 1182 ora
1608 1150 1753 1181 Piscariae
1768 1153 1800 1181 et
1814 1150 1845 1181 in
1856 1159 1950 1191 regno
1964 1149 2141 1181 Travancor.

1526 1284 1602 1316 1620
1622 1285 1729 1315 Franc.
1750 1285 1860 1314 Ribera
1880 1293 1898 1314 a
1916 1282 2032 1314 Mauris
2051 1282 2145 1314 inter-

1544 1328 1649 1360 ficitur
1669 1328 1701 1359 in
1723 1327 1873 1367 Cajraria.

1527 1551 1602 1582 1621
1634 1550 1668 1581 In
1683 1549 1861 1581 Madurensi
1881 1549 2025 1581 missione
2039 1548 2146 1580 Rober-

1546 1598 1592 1626 tus
1617 1594 1651 1626 de
1673 1594 1777 1625 Nobili
1801 1593 1942 1625 confictis
1967 1593 2147 1625 criminibus

1547 1649 1709 1680 oppressus
1722 1639 1753 1670 in
1767 1640 1797 1670 C.
1811 1639 2060 1679 Cranganorense
2074 1637 2147 1670 rele-

1545 1688 1647 1726 gatur,
1681 1683 1734 1715 sed
1766 1693 1839 1714 mox
1871 1683 1938 1724 ejus
1969 1682 2149 1714 innocentia

1547 1732 1650 1770 patet;
1690 1727 1803 1759 iterum
1842 1731 1967 1759 strenue
2007 1730 2039 1758 et
2077 1737 2147 1758 cum

1547 1773 1650 1805 fructu
1672 1772 1803 1804 laborat.

1528 2085 1615 2116 1622.
1641 2084 1686 2115 10.
1711 2083 1796 2124 Sept.
1821 2084 1946 2114 carolus
1972 2083 2095 2120 spinula
2118 2086 2149 2113 et

1548 2128 1629 2204 {ficii
1656 2129 1693 2159 16
1718 2130 1760 2160 Μ.
1785 2128 1818 2159 ln
1843 2127 1917 2167 Jap.
1944 2127 2049 2159 Secuti
2076 2130 2149 2158 sunt

1531 2307 1607 2338 1623
1628 2307 1658 2338 C.
1680 2306 1712 2337 in
1734 2305 1841 2346 Conqo.

1531 2439 1643 2471 Pekini
1680 2449 1699 2471 a
1735 2438 1831 2470 Sociis
1869 2437 2006 2480 pericula
2042 2437 2150 2479 gravia

1549 2487 1743 2526 superantur.

1532 2618 1567 2649 In
1590 2617 1663 2657 ιῘαρ.
1688 2616 1893 2657 Hieronymus
1916 2615 1950 2647 de
1971 2614 2096 2656 Angelis
2119 2618 2151 2646 et

1551 2662 1627 2693 1624
1640 2661 1678 2693 M
1679 2661 1772 2693 ichael
1785 2660 1954 2692 Garvallius
1967 2670 2037 2692 cum
2050 2660 2069 2691 4
2082 2658 2151 2691 aliis

1548 2705 1696 2747 religiosis
1730 2705 1956 2738 comburuntur
1988 2714 2042 2745 pro
2077 2703 2148 2735 fide.

1532 2884 1609 2915 1624
1618 2884 1791 2914 Alexander
1801 2883 1922 2913 Rhodes
1930 2882 1964 2913 in
1974 2881 2151 2920 Coeincina;

1550 2928 1633 2960 idem
1651 2937 1722 2959 curn
1744 2929 1773 2959 J.
1790 2928 1828 2959 A.
1846 2928 1990 2964 Marques
2006 2929 2152 2967 penetrat

1549 2972 1582 3004 in
1616 2970 1808 3012 Tunkz'num
1837 2972 1910 3002 Ant.
1941 2972 1977 3001 de
2006 2970 2151 3001 Andrada

1548 3016 1668 3058 primus
1687 3016 1720 3048 in
1745 3015 1909 3047 Thibetam.

1806 3103 1863 3137 161
