2372 3550
274 330 411 362 Historia
431 330 689 367 contemporanea

204 458 282 490 1763
337 457 482 499 Synodus
538 456 748 489 Jansenistica

223 501 470 544 Ultrajectensis.

205 903 283 935 1763
306 902 544 935 Gallicanismus
567 902 600 934 in
623 902 749 935 Germa-

223 947 277 979 nia
310 946 434 989 publice
468 946 602 989 grassari
638 947 748 989 coepit:

225 992 365 1031 „Justini
382 993 523 1024 Febronii
541 992 587 1032 (=
609 992 660 1024 Jo.
680 992 747 1024 Nic.

223 1036 262 1069 de
282 1036 470 1078 chtheim)
489 1036 528 1069 de
548 1039 635 1069 statu
655 1036 749 1069 eccle-

223 1081 276 1113 siae
295 1084 328 1114 et
346 1080 488 1123 legitima
506 1084 666 1123 potestate
687 1081 750 1113 Ro-

222 1126 308 1158 mani
329 1125 494 1158 Pontificis
514 1125 594 1158 liber
615 1125 749 1168 singula-

222 1170 273 1202 ris.
305 1169 441 1202 Bullioni
457 1170 504 1211 (=
525 1170 748 1213 Francofurt.)‚

223 1214 358 1247 Evrardi
373 1215 420 1257 (=
441 1214 620 1257 Esslinger).
638 1215 748 1248 1763.“

209 1838 275 1871 Pol.
315 1837 489 1871 Stanislaus
528 1838 749 1879 Poniatowski‚

225 1882 355 1916 ultimus
378 1883 585 1923 1764—1795,
607 1884 662 1926 qui

204 2016 225 2059 †
242 2016 321 2049 1798
337 2016 507 2059 Petropoli.

458 3127 518 3159 338

811 307 929 337 Summi
949 306 1125 342 Pontifices,

798 352 925 382 Litterae
946 351 1135 387 Apostolieae

801 589 944 622 Instituti
955 589 985 622 S.
998 589 1028 622 J.
1041 599 1153 631 appro-

799 634 885 666 batio
900 637 932 666 et
945 633 1151 667 confirmat-io.

779 722 820 749 De
829 722 880 749 hac
890 722 1086 749 Constitutione
1096 731 1153 758 gra-

801 758 854 785 tias
888 758 1028 792 agentibus
1061 759 1153 786 multis

801 793 1154 862 Zffifflgss'iiasssspiess‘ffiffi

802 873 895 893 vocem
912 873 976 898 esse,
989 838 1154 893 tSocietatem

803 901 868 928 Jesu
886 900 1009 928 Ecclesiae
1029 901 1109 928 fuisse
1128 904 1155 929 et

803 945 859 964 esse
890 936 1006 964 maxime
1037 937 1154 964 fructuo-

803 981 869 1000 sam.

782 1258 868 1290 1767.
899 1259 946 1291 21.
976 1258 1052 1300 Apr.
1081 1258 1155 1291 θνα-

801 1302 936 1335 vissimo:
947 1306 966 1334 J
968 1307 1048 1334 oanni
1058 1307 1158 1335 archie-

803 1346 912 1381 piscopo
968 1347 1158 1375 Tarraconensi

803 1382 938 1424 significat
960 1391 987 1410 se
1007 1384 1156 1418 perculsum

803 1418 898 1445 nuntio
912 1419 1073 1459 expulsionis
1087 1420 1112 1447 S.
1128 1420 1154 1447 J.

808 1454 886 1488 Quod
903 1454 926 1481 si
939 1455 998 1489 quis
1010 1463 1098 1490 regem
1110 1455 1155 1482 lae-

803 1490 876 1522 serit,
895 1498 923 1516 se
942 1490 1010 1517 velle
1029 1491 1157 1526 corrigere

803 1533 862 1560 quae
877 1533 925 1552 rex
940 1526 1156 1561 deprehenderim

804 1561 852 1588 sed
865 1569 919 1588 non
933 1570 1024 1589 omnes
1039 1571 1094 1590 esse
1109 1571 1157 1597 pu-

804 1596 924 1626 niendos

783 1839 870 1871 1767.
885 1838 933 1871 21.
948 1837 1022 1880 Apr.
1037 1838 1156 1879 Impro-

801 1883 902 1915 visum
909 1893 920 1915 .·
952 1886 970 1914 J
972 1886 1093 1914 oachimo
1124 1887 1158 1915 de

804 1927 894 1959 Osma,
907 1926 938 1954 O.
948 1926 984 1955 M.
998 1926 1157 1955 confessario

803 1963 871 1998 regis
892 1962 979 1998 Hisp„
1000 1964 1032 1990 ut
1051 1963 1104 1998 ipsi
1123 1963 1156 1990 de

805 1999 958 2026 calamitate
977 1999 1005 2026 S.
1026 1999 1053 2027 J.
1075 2001 1104 2026 et
1123 1999 1156 2026 de

805 2034 880 2062 clade
914 2034 1062 2062 animarum
1095 2043 1157 2062 con-

805 2070 865 2101 silia
881 2072 1013 2106 suggerat.

783 2285 870 2317 1767.
900 2284 948 2317 29.
977 2284 1052 2317 Dec.
1082 2284 1158 2326 Epi-

803 2328 904 2371 scopis
927 2330 946 2361 2
970 2328 1081 2361 Sicfflae
1106 2339 1158 2361 83-

802 2373 933 2416 probrat
998 2373 1157 2415 quandam

804 2417 1046 2460 complicitatem
1060 2418 1094 2450 in
1106 2428 1159 2450 83-

802 2462 953 2505 pellendis
971 2462 1110 2495 Jesuitis.

786 2729 872 2762 1768.
900 2728 1036 2761 13.Ju1.
1084 2729 1158 2768 Quae

805 2774 851 2806 tui
861 2773 946 2814 facti:
959 2773 1159 2806 Emmanueli

804 2818 899 2850 Pinto
923 2827 1037 2860 magno
1062 2818 1159 2860 magi-

805 2866 870 2895 stro
887 2862 1056 2905 exprobrat
1073 2862 1159 2895 83111-

805 2917 860 2939 um
882 2907 914 2939 S.
939 2906 969 2939 J.
995 2917 1034 2939 ex
1056 2906 1159 2940 insula

805 2950 959 2984 Melitensi
983 2954 1042 2984 etc.

942 3128 1002 3160 339

1208 307 1371 343 Praepositi
1392 306 1423 336 et
1443 306 1699 343 congregationes

1372 351 1534 381 Generales

1910 329 2011 366 nana,
2030 329 2129 359 cama

1186 456 1274 488 1763.
1306 455 1353 488 13.
1386 455 1466 488 Nov.
1499 455 1651 496 Epistola:
1675 460 1718 489 De
1750 455 1795 488 At
1802 466 1841 488 83
1857 455 1936 487 3500
1943 455 2006 488 fere
2014 455 2142 488 Jesuitis
2156 456 2245 498 gallis
2258 459 2296 490 25

780 500 867 533 1765.
880 501 907 533 7.
919 500 990 532 Jan.
1002 499 1153 541 Apostoli·
1205 500 1340 532 ferventi
1360 499 1393 532 in
1410 499 1602 532 orationibus
1617 511 1718 542 perse-

799 555 867 577 cum
889 544 1044 585 pascendi:
1069 555 1153 578 nova
1205 544 1349 577 verantia
1363 544 1396 577 in
1414 544 1646 578 calamitatibus
1664 545 1718 578 So-

1206 589 1338 622 cietatis.

1191 1258 1279 1291 1765.
1314 1259 1361 1291 16.
1381 1258 1453 1291 Jan.
1488 1258 1640 1299 Epistola:

1208 1302 1444 1335 confirmatione
1461 1303 1560 1335 nostri
1577 1303 1722 1336 Instituti

1207 1348 1302 1425 {1133
1316 1358 1336 1380 a
1357 1348 1409 1380 SS.
1433 1348 1473 1380 D.
1499 1348 1538 1380 N.
1562 1348 1721 1380 Clemente

1770 503 1898 532 tantum
1913 500 1972 532 hoc
1986 500 2205 542 jusjurandum
2220 512 2297 544 prae-

1771 544 1877 577 stitere
1899 545 1994 586 (inter
2016 555 2067 577 eos
2089 545 2122 577 hi
2145 546 2208 578 duo
2230 546 2296 589 jam

1771 589 1902 621 dimissi:
1914 589 2296 632 Lavalette†13.Nv.1767

1771 636 1804 666 et
1836 633 1886 666 Jo.
1921 633 1996 666 Ant.
2030 634 2140 667 Joach.
2175 635 2297 669 Cerutti

1770 678 1791 720 †
1803 678 1831 710 3.
1845 678 1920 711 Feb.
1935 679 2022 717 1792,
2037 679 2090 721 qui
2104 679 2181 711 1762
2194 680 2298 722 publi-

1772 725 1900 755 caverat
1918 722 2103 765 Apologiam
2121 725 2297 765 generalem

1773 767 1918 799 Instituti
1950 770 1983 800 et
2014 768 2164 801 doctrinae
2196 769 2298 802 Jesui-

1772 811 1902 853 tarum).

1752 900 1985 942 Archiepiscum
2002 911 2076 933 vero
2091 901 2298 936 Parisiensem

1771 945 2003 987 parlamentum
2023 945 2147 979 exulare
2167 946 2298 990 ejusque

1771 990 1893 1022 litteras
1947 990 2120 1032 pastorales
2175 992 2298 1033 publice

1773 1034 1915 1067 comburi
1934 1034 2035 1076 jussit.

1672 1259 1720 1291 De
1755 1258 1842 1290 1764.
1885 1257 1966 1290 Nov.
2008 1257 2186 1291 Ludovicus
2227 1259 2298 1292 XV.

1774 1301 1940 1334 excludens
1957 1302 2146 1335 Societatem
2164 1303 2242 1336 Jesu
2260 1314 2300 1336 ex

1774 1346 1917 1379 omnibus
1948 1346 2011 1379 suis
2043 1347 2142 1386 terris,
2170 1348 2300 1390 singulis

1774 1395 1881 1424 tamen
1905 1391 2002 1424 Sociis
2027 1392 2170 1424 concedit
2194 1393 2299 1426 vivere

1772 1436 1805 1468 in
1820 1435 1922 1468 Gallia
1935 1436 1993 1468 sub
2009 1436 2198 1469 auctoritate
2212 1437 2301 1479 spiri-

1774 1480 1854 1513 tuali
1863 1480 2108 1520 Ordinatiorum,
2119 1481 2300 1523 supprimit—

1776 1536 1836 1567 que
1862 1535 1968 1558 omnes
1993 1535 2154 1567 processus
2179 1530 2300 1568 coeptos

1775 1572 1885 1602 contra
1910 1579 1961 1602 eos
1988 1574 2045 1602 aut
2069 1573 2180 1603 contra
2204 1570 2300 1604 libros

1775 1614 1815 1647 ab
1836 1614 1874 1647 iis
1896 1614 2038 1656 scriptos.

1755 1837 1843 1870 1764.
1883 1837 1911 1869 1.
1950 1837 2025 1869 Dec.
2063 1836 2300 1870 Parlamentum

1773 1881 1946 1914 Parisiense
1973 1881 2116 1923 praecipit
2144 1881 2300 1921 omnibus,

1775 1926 1828 1968 qui
1867 1929 1963 1959 antea
1995 1926 2126 1958 Jesuitae
2163 1926 2301 1966 fuerunt,

1775 1970 1972 2012 cupientibus
2005 1971 2140 2012 gaudere
2172 1971 2302 2013 permis-

1774 2015 1860 2048 sione
1875 2025 1894 2047 a
1907 2025 1977 2057 rege
1993 2025 2147 2054 concessa,
2163 2018 2201 2048 ut
2215 2019 2300 2048 tene-

1774 2063 1870 2092 antur
1889 2060 2023 2092 residere
2044 2060 2077 2092 in
2099 2059 2225 2093 dioecesi
2245 2070 2300 2093 na-

1774 2104 1910 2137 tivitatis
1920 2107 1953 2137 et
1962 2107 2051 2137 sexto
2062 2114 2186 2147 quoque
2195 2114 2301 2137 mense

1774 2152 1962 2191 praesentare
1980 2159 2012 2181 se
2031 2158 2135 2181 coram
2153 2159 2300 2191 procura-

1774 2197 1841 2226 tore
1861 2193 1940 2236 rcgis
1959 2193 2042 2225 illius
2063 2193 2224 2226 districtus
2244 2193 2300 2226 ubi

1773 2238 1920 2277 resident,
1950 2238 2008 2270 sub
2036 2248 2132 2280 poena
2159 2241 2300 2271 extraor-

1775 2282 1903 2315 dinariae
1920 2282 2141 2324 inquisitionis.

1191 2551 1278 2583 1766.
1309 2551 1356 2583 12.
1385 2550 1478 2583 Mart.
1507 2552 1598 2583 Laut.
1627 2552 1724 2589 mcci,
1758 2550 1845 2582 1765.
1863 2550 1910 2582 21.
1928 2549 2014 2591 Sept.
2032 2551 2157 2581 carolus
2173 2551 2300 2581 Emma-

1210 2595 1309 2637 Praep.
1336 2595 1412 2627 Gen.
1438 2595 1469 2627 S.
1495 2594 1526 2627 J.
1551 2594 1723 2627 Dominum

1209 2639 1426 2672 Mathurinum
1458 2639 1649 2672 Germanum
1681 2639 1724 2672 Le

1209 2684 1364 2716 Forestier
1378 2684 1616 2716 Procuratorem
1632 2694 1724 2716 suum

1211 2728 1376 2761 constituit
1415 2728 1505 2770 eique
1539 2728 1724 2760 facultatem

1776 2596 1859 2632 nuel,
1881 2604 1936 2626 rex
1958 2594 2116 2632 Sardiniae,
2140 2593 2300 2626 Simonem

1777 2638 1871 2671 Verdi
1886 2639 1917 2671 S.
1935 2638 1965 2671 J.
1984 2638 2127 2670 nominat
2142 2637 2300 2670 Professo-

1776 2693 1842 2716 rem
1854 2683 1885 2715 S.
1899 2682 2066 2724 Scripturae
2079 2685 2111 2715 et
2122 2682 2300 2724 linguarum

1777 2727 1973 2760 orientalium
2013 2727 2046 2759 in
2087 2726 2300 2760 Universitate

1210 2773 1323 2806 tribuit
1346 2772 1493 2805 vendendi
1517 2772 1602 2805 bona
1626 2773 1667 2805 ad
1692 2774 1723 2805 G.
1776 2772 1980 2805 Sassaritana.

1208 2817 1389 2857 Quebeeense
1411 2821 1444 2849 et
1465 2817 1644 2850 missionem
1667 2817 1723 2850 Ca-

1210 2862 1379 2895 nadensem
1404 2861 1603 2904 pertinentia.

1425 3127 1485 3159 340

1989 3124 2048 3156 341
