2372 3550
298 318 434 348 Historia
454 318 710 354 contemporanea

833 294 951 324 Summi
971 294 1146 329 Pontifices,

819 339 945 368 Litterae
966 338 1155 374 Apostolieae

1228 291 1391 328 Praepositi
1412 291 1442 320 et
1462 274 1717 326 Congregaticnes
1751 274 1778 276 “—

1390 335 1552 364 Generales

229 891 314 922 1607.
339 890 386 922 30.
412 890 484 921 Jun.
511 890 530 931 †
553 889 642 921 Card.
668 889 768 921 Caesar

248 936 407 971 Baronius,
420 934 520 966 dictus
531 938 621 975 pater
631 933 768 965 historiae

248 978 460 1011 ecclesiasticae
494 978 641 1020 (Annales
676 977 768 1010 eccle-

248 1024 364 1055 siastici
376 1034 394 1055 a
405 1023 527 1055 Christo
539 1027 614 1054 nato
628 1023 667 1054 ad
680 1023 766 1054 1198.

249 1069 285 1099 12
307 1068 392 1109 vot).

230 1380 307 1411 1609
320 1379 400 1412 Unio
411 1379 625 1421 (protestant.)
643 1383 675 1411 et
692 1379 769 1420 Liga

249 1424 300 1465 (=
328 1424 443 1456 Foedus
473 1423 709 1465 catholicorum)
737 1424 769 1455 in

249 1469 423 1501 Germania.

230 1692 316 1723 1609.
345 1692 392 1723 11.
414 1691 476 1723 Jul.
506 1692 654 1731 „Litterae
674 1691 769 1732 Maje-

249 1736 362 1768 statis“
373 1736 532 1777 Rudolphi
543 1736 584 1768 II.
596 1736 770 1768 concedunt

250 1781 415 1822 equitibus,
450 1781 582 1812 dominis
616 1785 648 1812 et
680 1780 770 1822 regiis

249 1825 377 1857 urbibus
405 1825 561 1857 Bohemiae
589 1825 769 1857 exercitium

247 1869 378 1901 liberum
399 1870 561 1911 religionis.

230 2138 307 2169 1610
322 2137 398 2169 Post
412 2140 545 2169 mortem
560 2137 689 2169 Henrici
704 2136 748 2168 IV
750 2162 767 2175 .‚

249 2183 296 2214 30.
315 2182 416 2223 Aprili
435 2192 453 2214 a
470 2182 634 2214 Francisco
655 2181 770 2213 Raval—

248 2227 326 2258 liaeo
339 2227 504 2266 interfecti,
520 2227 646 2258 vexatio
661 2229 770 2258 contra

248 2272 278 2304 S.
299 2271 328 2303 J.
348 2271 382 2303 in
401 2271 504 2303 Gallia
521 2271 717 2309 recrudescit,
739 2274 770 2302 et

249 2316 364 2348 crimen
380 2315 419 2347 ob
433 2316 582 2347 Marianae
595 2315 709 2347 librum
725 2318 770 2346 te-

248 2370 332 2392 mere
357 2360 513 2392 coniertur
536 2361 569 2391 in
594 2360 769 2391 doctrinam

249 2405 423 2444 Societatis,
443 2415 511 2446 quae
528 2408 635 2437 tamen
653 2414 672 2436 a
687 2413 769 2436 novo

248 2460 318 2491 rege
328 2453 360 2482 et
368 2448 675 2481 antistiteParisiensi
682 2449 770 2480 inno-

250 2505 320 2526 cens
359 2494 543 2526 declaratur.
583 2513 622 2515 —
661 2493 772 2532 „Anti-

251 2538 401 2571 cotonus“
420 2538 557 2570 famosus
575 2538 662 2576 liber,
682 2537 770 2579 jube-

250 2588 302 2615 tur
321 2584 354 2615 in
375 2583 498 2624 publico
518 2582 655 2614 lacerari.

231 2805 307 2838 Gall.
318 2805 494 2837 Ludovicus
504 2804 597 2837 XIII.
609 2803 772 2836 1610—43.

479 3114 537 3146 130

802 443 917 475 Paulus
944 443 980 475 V.
1011 443 1176 475 continuat

823 490 1075 525 congregationes
1085 489 1120 518 de
1126 496 1181 518 au-

825 534 913 570 xiliis,
962 532 1052 573 jubet
1101 542 1174 564 vero

823 577 918 608 etiam
952 576 1105 618 disputari
1137 577 1175 608 de

822 622 1138 658 praedetermmatione

821 668 957 703 physica.
999 669 1089 695 Mense
1119 669 1173 695 Au-

827 711 904 743 gusto
927 709 993 735 1607
1015 709 1176 735 clauduntur

825 747 853 771 et
886 745 1040 771 conceditur
1065 745 1172 779 utrique

824 781 944 815 religioni
951 789 1026 807 suam
1034 780 1175 806 defendere

825 817 974 843 doctrinam
1002 816 1113 842 vitando
1134 818 1175 842 ta-

825 860 886 878 men
907 852 1088 878 contumelias.

804 1023 889 1054 1606.
926 1022 953 1054 3.
989 1022 1061 1054 Jan.
1098 1022 1175 1054 Cum

1928 313 2028 348 Italia,
2048 312 2146 342 Gallia

1208 443 1294 474 1606.
1318 442 1346 473 4.
1369 439 1459 471 Febr.
1484 439 1582 479 Epist.
1607 442 1640 469 de
1657 443 1735 469 rebus
1772 440 1850 471 1604
1871 442 1977 471 Petrus
1998 442 2142 478 cotenus,
2165 442 2313 483 acceptis-

1230 485 1360 520 praecipue
1378 482 1527 510 tractandis
1544 483 1572 508 in
1591 483 1736 517 Congrega-

1229 522 1347 548 tionibus
1374 518 1590 554 provincialibus.

1208 662 1284 693 1606
1318 661 1520 703 Congregatio
1553 661 1737 693 Procurato-

1226 717 1295 738 rum
1320 706 1459 738 decernit
1482 705 1737 737 convocationem

1227 750 1477 792 Congregationis
1498 749 1657 791 generalis.

1208 885 1293 916 1607.
1313 885 1339 916 9.
1359 884 1430 916 Jan.
1449 883 1593 924 Epistola
1610 883 1650 914 ad
1666 883 1738 914 mis-

1227 929 1374 961 sionarios
1394 929 1427 960 111
1447 928 1569 970 Anglia.

823 1067 899 1098 sicut
911 1067 1091 1107 accepimus:
1109 1070 1175 1096 Con·
1208 1063 1284 1094 1608
1300 1062 1503 1104 Congregatio
1519 1062 1572 1093 VI.
1588 1060 1738 1103 generalis

826 1110 929 1137 ceditur
946 1110 1113 1145 indulgentia
1130 1118 1177 1144 pro
1228 1108 1288 1148 (20.
1311 1107 1400 1139 Febr.
1422 1125 1461 1128 —
1481 1107 1528 1138 29,
1550 1106 1643 1137 Mart.
1665 1105 1739 1136 Pro-

827 1147 946 1173 oratione
964 1146 997 1172 40
1010 1146 1136 1172 horarum
1148 1146 1177 1171 in
1228 1152 1300 1183 fessi
1319 1152 1379 1193 64).

826 1182 1033 1208 bacchanalibus
1050 1182 1077 1208 in
1096 1181 1177 1208 eccle-

826 1218 871 1244 siis
889 1218 914 1244 S.
934 1218 959 1244 J.

805 1414 890 1445 1606.
915 1414 942 1445 4.
966 1413 1051 1455 Sept.
1073 1413 1175 1452 Quan-

823 1462 886 1490 tum
920 1458 1038 1499 1011010.-
1081 1461 1176 1487 ultima

828 1501 1179 1536 (anteClem.XIII.)major

826 1538 996 1564 confirmatio
1043 1537 1176 1568 Instituti,

827 1573 1032 1608 privilegiorum,
1061 1575 1089 1600 et
1109 1573 1175 1600 Con-

826 1609 998 1636 stitutionum
1059 1609 1177 1643 Gregorii

828 1645 906 1671 XIII.
927 1647 955 1671 et
975 1644 1048 1671 XIV.

805 1815 891 1847 1608.
917 1815 963 1847 11.
990 1814 1063 1846 Jun.
1088 1814 1176 1847 Sedis

829 1860 996 1900 apostolicae
1003 1870 1012 1890 :
1065 1862 1177 1889 Petente

827 1903 950 1937 Philippo
967 1911 1028 1937 rege
1046 1903 1177 1929 catholico

826 1939 930 1965 tollitur
956 1938 1109 1973 prohibitio,
1142 1946 1176 1964 ne

827 1975 886 2009 quis
899 1975 952 2001 alia
963 1982 1043 2008 quam
1061 1982 1107 2009 per
1125 1974 1176 2000 Lu-

826 2010 952 2037 sitaniam
974 2011 1020 2036 via
1037 2010 1066 2036 in
1085 2010 1176 2036 Indias

826 2045 989 2081 praedicandi
1003 2054 1083 2072 causa
1096 2046 1176 2080 profi-

827 2082 950 2109 ciscatur.

805 2253 890 2284 1609.
902 2252 929 2284 3.
940 2251 1014 2292 Apr.
1029 2251 1174 2283 Universo

823 2297 913 2338 yreqi:
943 2299 961 2326 J
963 2299 1079 2325 ubentur
1093 2299 1175 2333 patri-

826 2341 920 2372 archae,
928 2339 1119 2373 archiepiscopi
1126 2341 1175 2365 etc.

827 2383 982 2411 promovere
997 2383 1063 2409 opus
1075 2375 1176 2401 missio-

827 2420 892 2438 num
904 2412 930 2438 S.
948 2412 974 2438 J.

806 2582 892 2614 1609.
920 2582 966 2613 27.
995 2580 1058 2612 Jul.
1086 2580 1177 2622 Igna—

825 2627 888 2658 tius
904 2636 923 2657 a
937 2625 1056 2667 Loyola
1070 2626 1177 2656 beatus

825 2670 1001 2702 declaratur
1041 2673 1073 2701 et
1112 2679 1167 2710 per

826 2715 925 2747 Breve
944 2714 1031 2746 1609.
1052 2714 1079 2745 3.
1100 2713 1174 2745 Dec.

827 2759 888 2798 „I‘n
913 2758 979 2790 sede
1004 2756 1176 2798 principis“

825 2803 1048 2845 promulgatur.

963 3112 1021 3144 131

1791 484 1885 517 simus
1902 485 1935 516 in
1953 485 2024 516 aula
2041 485 2160 517 Gallica
2177 486 2314 518 declinat

1791 529 1868 560 1605
1890 529 2135 562 Cardinalatum.
2159 548 2199 553 ——
2220 531 2314 563 Sena-

1791 577 1842 604 tus
1870 573 1986 612 Galliae,
2017 574 2173 615 impotens
2203 585 2313 607 nocere

1790 617 1864 658 ipsis
1885 618 2023 656 Jesuiffls,
2045 619 2135 650 saevit
2154 619 2187 650 in
2208 629 2313 651 eorum

1790 662 1883 694 libros
1905 663 1963 694 sibi
1985 673 2103 695 exosos.

1774 796 1859 827 1604.
1873 796 1919 828 20.
1933 796 2017 837 Sept.
2030 798 2079 828 Pr.
2092 797 2232 829 Romana
2243 808 2314 830 cum

1792 840 1885 871 venia
1908 840 1960 872 SS.
1978 841 2144 873 Pontificis
2168 843 2214 874 0⁰.
2232 842 2315 874 Grae-

1793 894 1898 916 corum
1930 885 2131 927 ejusdemque
2161 886 2315 927 guberna-

1793 929 1880 968 tioni,
1923 930 2053 961 nimium
2096 930 2136 962 ab
2179 931 2315 963 externis

1791 973 1958 1014 impeditae,
1976 974 2132 1013 valedicit,
2150 975 2212 1007 14⁰.
2233 985 2315 1008 anno

1792 1021 1961 1059 postquam
1982 1023 2128 1059 coeperat.

1775 1152 1852 1183 1605
1870 1154 1943 1189 Dpr.
1961 1152 2001 1183 M
2002 1152 2178 1185 assanensis.

1208 1288 1394 1320 Decreta
1440 1287 1512 1319 vl.
1551 1286 1734 1328 Gongre·
1773 1286 1851 1317 1606
1860 1285 1887 1317 E
1895 1285 2055 1327 republica
2063 1288 2180 1317 Veneta
2190 1290 2318 1328 propter

1227 1331 1429 1373 gationis:

1208 1393 1231 1419 1.
1251 1394 1344 1418 contra
1365 1391 1576 1426 perturbatorem

1208 1446 1231 1472 2.
1251 1453 1313 1471 usus
1337 1445 1416 1471 bullae
1441 1444 1572 1475 cruciatae,
1602 1443 1648 1477 qui
1677 1451 1741 1477 prae-

1251 1481 1342 1515 primis
1374 1480 1563 1515 postulabatur
1594 1479 1628 1505 ab
1660 1487 1742 1513 oppo-

1250 1517 1346 1543 sitione
1358 1516 1480 1550 hispana,
1494 1515 1661 1550 prohibetur;

1207 1570 1231 1596 3.
1250 1570 1316 1596 hora
1335 1569 1505 1595 recreationis
1527 1567 1674 1599 retinenda,
1696 1566 1742 1593 sed

1251 1606 1317 1632 bene
1335 1604 1500 1636 adhibenda3

1209 1658 1232 1684 4.
1251 1658 1279 1683 in
1295 1657 1425 1684 Instituto
1441 1656 1508 1683 nihil
1523 1656 1692 1687 mutandum,
1710 1656 1742 1682 de

1251 1702 1305 1728 qua
1320 1701 1348 1720 re
1366 1693 1619 1727 Congregationibus
1636 1692 1742 1726 provin-

1251 1729 1362 1756 cialibus
1380 1729 1447 1755 nihil
1464 1729 1528 1754 licet
1545 1735 1649 1763 rogare;

1209 1782 1233 1808 5.
1252 1789 1342 1808 omnes
1367 1781 1511 1815 quotannis
1536 1781 1631 1807 saltem
1656 1789 1703 1815 per
1726 1780 1742 1806 8

1252 1818 1307 1844 dies
1330 1817 1461 1844 exercitiis
1484 1819 1593 1849 vacent;
1617 1819 1742 1843 votorum

1251 1853 1452 1880 renovationem
1465 1853 1598 1887 praecedat
1609 1852 1741 1883 triduum;

1209 1906 1233 1932 6.
1252 1905 1284 1932 de
1305 1905 1521 1932 manifestatione
1543 1905 1644 1937 deficti;

1209 1959 1233 1985 7.
1252 1958 1284 1984 de
1303 1958 1527 1985 Scholasticorum
1547 1966 1563 1984 a
1581 1958 1684 1984 caeteris
1703 1966 1741 1984 se-

1252 1994 1403 2028 paratione3

1208 2047 1232 2073 8.
1251 2046 1372 2109 ρὲὺὲἲᾶει-
1384 2046 1550 2108 (Ιπαροώῑῆὺίο
1567 2046 1622 2072 BB.
1640 2046 1742 2080 Aloysii

1252 2090 1266 2108 e
1329 2090 1386 2109 anis
1398 2091 1432 2109 ai.

1339 2323 1381 2347 Pr.
1398 2322 1526 2348 'tolosana
1543 2323 1621 2348 1609:

1256 2376 1322 2406 pr.
1341 2374 1480 2406 Tolosam,
1577 2375 1593 2586 l

1261 2412 1288 2436 0.
1306 2410 1476 2442 Tolosanum,
1612 2418 1703 2445 accep-

1268 2466 1283 2477 „
1305 2446 1495 2477 Mauriacense,
1630 2448 1661 2472 ta
1675 2454 1691 2472 a

1268 2502 1284 2513 ,‚
1308 2481 1488 2513 Ruthenense,
1636 2483 1678 2508 Pr.

1269 2537 1285 2548 „
1306 2517 1492 2548 Auscitanum,
1614 2517 1699 2551 Aquit

1269 2573 1285 2584 ,‚
1307 2552 1481 2584 Gadurcense,

1269 2609 1284 2620 ‚,
1306 2588 1474 2619 Billomense,

1269 2644 1284 2656 „
1306 2624 1454 2655 Aniciense,
1636 2614 1670 2667 Pa

1269 2680 1285 2691 „
1307 2659 1465 2691 Biterrense,
1617 2648 1693 2702 Lur'd

1259 2696 1291 2721 R.
1309 2694 1492 2721 Albenacensis
1659 2685 1675 2711 g
1695 2697 1700 2702 “

1397 2739 1455 2765 Sac.
1529 2738 1563 2764 84

1397 2774 1483 2801 Schol.
1529 2773 1563 2800 88

1397 2809 1477 2836 Coad.
1529 2809 1563 2835 58

1396 2858 1467 2885 Socii
1513 2858 1563 2884 230

1445 3108 1502 3139 132

1795 1376 1895 1412 suitae,
1912 1374 2071 1416 Capucini,
2091 1375 2246 1415 Theatini,
2265 1384 2318 1407 ex-

1795 1421 1958 1457 pelluntur.
2011 1422 2125 1449 Henn'co
2158 1423 2203 1450 IV.
2236 1424 2319 1450 medi-

1799 1465 1862 1489 ante
1892 1471 1984 1497 pacem
2013 1463 2111 1489 Paulus
2141 1463 2172 1490 V.
2199 1464 2320 1498 postulat

1798 1498 2049 1533 redintegrationem
2054 1499 2071 1525 J
2073 1499 2227 1531 esuitarum,
2238 1507 2319 1533 quam

1798 1536 1906 1560 senatus
1928 1534 2048 1568 denegat.
2087 1535 2125 1560 At
2152 1535 2202 1561 hac
2230 1535 2319 1561 condi-

1797 1570 1879 1601 tione,
1900 1571 2007 1604 petente
2026 1570 2177 1604 Aquaviva,
2205 1579 2252 1605 per
2269 1571 2319 1597 Pa-

1798 1614 1860 1639 pam
1881 1607 1992 1637 remota,
2007 1614 2061 1640 pax
2082 1605 2230 1638 stabilitur,
2250 1606 2319 1632 Bell-

1797 1641 1899 1667 armino
1949 1643 1977 1667 et
2008 1641 2100 1676 Sarpio
2140 1644 2318 1676 propugnato-

1798 1677 1870 1703 ribus
1895 1677 2047 1703 alterutrius
2075 1677 2166 1711 partis.
2198 1678 2264 1704 Post
2286 1678 2318 1704 51

1798 1715 1906 1739 tantum
1922 1720 2005 1739 annos
2023 1712 2089 1739 1657
2114 1712 2225 1739 Jesuitis
2243 1713 2319 1740 licuit

1798 1748 1882 1774 redire
1904 1748 2031 1775 Venetias.

1792 1330 1993 1362 interdictum
2028 1330 2228 1363 observatum

1777 1909 1854 1940 1606
1872 1911 1903 1941 C.
1920 1908 2193 1949 Mussipontanum
2210 1919 2318 1941 nume-

1795 1957 1846 1985 rat
1866 1953 2018 1985 scholares
2040 1953 2126 1985 1600.

1776 2087 1852 2119 1608
1870 2087 1930 2119 Pro
1946 2086 2047 2118 Gallia
2064 2089 2188 2118 creatur
2206 2086 2318 2128 quinta

1793 2131 1982 2163 Assistentia
2012 2140 2068 2172 per
2100 2131 2317 2173 Congregatio-

1794 2186 1866 2208 nem
1902 2175 2091 2217 generalem:
2140 2175 2316 2207 Ludovicus

1795 2221 1972 2259 Richeome,
1987 2219 2190 2252 Provincialis
2205 2220 2315 2262 Lugd.‚

1794 2265 1911 2306 primus
1934 2264 2089 2296 Assistens
2113 2264 2230 2296 Galliae.

1776 2399 1860 2430 1608.
1886 2398 1935 2430 Ab
1958 2398 2131 2439 Aquitania
2154 2401 2316 2439 separatur

1793 2443 1958 2475 Provincia
1982 2442 2140 2474 Tolosam.

1774 2577 1850 2608 1609
1881 2576 1989 2608 Romae
2017 2574 2196 2607 instituitur
2224 2585 2315 2617 gene-

1791 2621 1865 2671 ralis
1886 2620 2025 2662 quolibet
2044 2629 2148 2651 mense
2176 2628 2315 2651 commu—

1792 2674 1852 2696 1110.

1775 2798 1851 2829 1610
1869 2796 2039 2838 Aquaviva
2058 2800 2154 2837 caput
2172 2796 2203 2828 S.
2219 2795 2314 2837 Aloy-

1793 2842 1830 2874 sii
1868 2841 1970 2874 mittit
2007 2842 2038 2873 C.
2078 2839 2301 2878 Gastiliommi,

1793 2889 1896 2928 coepto
1918 2885 2005 2917 1608.

2007 3105 2067 3138 133
