2372 3550
267 285 404 315 Historia
424 285 682 322 contemporanea

747 247 779 249 M
807 247 925 293 Summi
945 246 1120 298 Pontifices,

793 308 920 337 Litterae
941 307 1130 343 Apostolieae

1164 246 1167 247 ⁷
1204 262 1366 299 Praepositi
1388 262 1418 292 et
1438 262 1693 299 congregationes

1367 308 1529 337 Generales

1903 285 2003 321 Italia,
2023 286 2121 315 Gallia

195 411 271 445 Gall.
295 411 420 444 Carolus
443 411 499 444 IX.
523 412 688 444 1561—74.

197 857 274 890 1562
288 857 318 890 S.
334 857 479 889 Therasia
492 856 525 899 (†
539 857 630 898 1582)
643 857 738 889 refor-

215 905 284 934 mat
317 901 455 934 ordinem
490 902 525 934 B.
560 902 666 934 Mariae
699 902 737 934 de

215 946 322 979 Monte
343 946 491 979 Carmelo.

196 1258 282 1291 1563.
295 1259 333 1315 32
344 1258 467 1292 articuli
478 1258 631 1297 „ecclesiae
642 1259 738 1301 angli-

215 1313 308 1336 canae.

195 1437 273 1470 1563
285 1437 498 1471 Catechismus
511 1437 749 1481 Heidelbergen-

215 1482 265 1515 sis.

194 1616 282 1649 1563.
324 1617 422 1649 3.-4.
452 1617 527 1649 Dec.
566 1617 658 1658 (Sess.
688 1617 736 1650 25.

215 1670 283 1702 cap.
311 1661 374 1703 16.)
400 1661 492 1694 Conc.
520 1661 738 1694 Tridentinum

214 1705 325 1782 lstlffiat
337 1710 369 1738 et
382 1705 537 1748 approbat
549 1706 738 1739 Societatem

193 1928 293 2005 611εένέιό
307 1928 540 1961 Maximilianus
558 1928 599 1961 II.
620 1929 738 1961 1564—-

195 2061 274 2094 1564
299 2061 483 2104 Symbolum
509 2062 736 2096 Tridentinum.

197 2150 310 2183 Insulae
329 2150 516 2193 Philippinae
530 2151 735 2194 reperiuntur.

195 2240 274 2272 1564
295 2239 315 2281 †
335 2239 490 2272 Calvinus.

197 2462 275 2494 1566
294 2462 506 2495 Cateohismus
527 2463 697 2496 Romanus.

198 2772 275 2804 1567
292 2772 483 2806 damnantur
501 2774 538 2806 76
554 2775 738 2816 propositio-

217 2827 271 2848 nes
292 2817 372 2858 Baji.

198 2905 272 2937 Dux
289 2905 328 2937 de
345 2905 427 2938 Alba
443 2905 476 2938 in
494 2906 600 2949 Belgio
611 2908 741 2949 (1567—

218 2949 269 2991 73)
304 2950 470 2983 severitate
505 2951 602 2984 nimia
635 2952 740 2985 irritat

216 2994 440 3027 Protestantes.

454 3083 492 3115 42

774 412 860 444 1561.
879 412 925 443 13.
943 411 1017 452 Apr.
1036 411 1105 443 Etsi
1116 422 1151 443 ex
1182 411 1390 439 Constitutiones
1405 411 1627 438 examinabantur

793 456 905 488 debito:
918 459 1081 494 privilegium
1090 462 1155 486 con-‘
1182 456 1209 490 a)
1240 455 1329 489 quoad
1348 464 1389 482 res
1410 457 1559 496 οοῐξῐθηὴᾶξ,
1589 464 1647 496 quae
1668 465 1713 491 ap·
1766 457 1911 489 admissio
1929 457 2121 489 Jesuitarum
2137 457 2170 489 in
2187 457 2290 489 Gallia

1203 492 1321 526 probatae
1332 494 1396 518 sunt
1406 491 1616 525 utmor1gmal1;
1629 500 1714 526 pauca
1766 511 1785 532 a
1827 506 1983 533 conventu
2026 501 2104 534 Cleri
2145 502 2290 543 gallicani

795 500 914 527 struendi
943 500 1034 526 domos
1065 500 1146 526 etiam

795 537 866 562 intra
876 536 926 562 140
939 543 1037 562 cannas
1052 536 1150 569 (canna

796 585 828 593 =
848 572 917 598 circa
929 572 944 597 2
961 572 1065 604 metra).

773 652 859 684 1561.
873 652 919 684 19.
932 651 1010 693 Aug.
1023 652 1148 693 Expom'

791 696 889 729 nobis:
918 702 1036 735 potestas
1061 701 1147 727 confe-

797 740 872 767 rendi
890 740 987 775 gradus
1017 741 1148 767 academi-

799 784 842 803 cos
870 776 898 803 in
926 776 1093 811 philosophia
1121 778 1149 803 et

798 811 938 847 theologia.

776 1482 855 1515 1564
877 1482 952 1515 Pius
978 1482 1030 1515 IV.
1056 1483 1150 1515 Brevi

796 1527 1063 1569 adlmperatorem
1075 1527 1150 1560 dato

795 1572 984 1605 Societatem
1009 1572 1149 1604 defendit

795 1620 905 1649 contra
933 1616 1070 1649 diversas
1099 1626 1148 1649 ac-

795 1661 978 1694 cusationes.

776 1976 977 2007 1566—1572
1010 1975 1083 2005 Pius
1113 1975 1148 2006 V.

794 2018 966 2061 generatim
985 2018 1074 2050 favet
1093 2018 1148 2050 So-

795 2062 912 2096 cietati.
935 2062 1064 2095 Jesuitae
1076 2072 1147 2095 con-

795 2108 967 2140 cionatores
982 2107 1146 2149 pontificii,

794 2155 924 2184 vertunt

794 2207 881 2229 mum
920 2196 1146 2235 Tridentinum,

793 2244 973 2283 praeparant
982 2241 1150 2273 editionem

795 2285 1150 2328 BibliarumOEmmSa).

776 2464 862 2497 1566.
876 2464 998 2496 17.Jan.
1010 2464 1150 2506 Aequum

794 2512 986 2550 reputamus:
1006 2509 1044 2541 de
1053 2509 1148 2550 privi-

794 2553 873 2595 legio
896 2553 1043 2586 adversus
1065 2553 1148 2595 Apo-

795 2601 904 2630 statas.

941 3086 980 3118 43

1202 529 1293 553 tamen
1303 527 1442 553 etminoris
1448 527 1576 553 momenti
1585 527 1712 559 extincta,

1202 564 1317 594 mutata,
1342 563 1436 589 addita
1458 563 1544 594 fuere3
1569 562 1623 589 imo
1647 563 1713 590 Con-

1201 598 1320 633 gregatio
1339 598 1381 632 jus
1401 598 1451 625 sibi
1471 598 1572 624 ademit
1590 599 1713 625 mutandi

1202 634 1349 668 quidquam
1365 634 1393 661 in
1408 634 1514 669 punctis
1530 634 1713 661 essentialibus

1203 670 1442 701 Constitutionum;

1180 706 1209 740 b)
1228 706 1316 740 quoad
1330 705 1506 732 elocutionem
1520 706 1547 731 et
1560 704 1712 737 editionem,

1203 750 1261 776 quae
1278 749 1319 768 res
1335 741 1364 767 in
1380 741 1411 768 V.
1430 741 1523 776 Congr.
1541 742 1649 768 tantum
1667 741 1713 767 ali-

1204 777 1318 812 qualiter
1331 777 1420 804 decisa
1432 776 1492 803 tuit.

1184 903 1270 935 1558.
1286 903 1332 934 12.
1347 903 1421 934 Dec.
1448 902 1547 943 Epist.
1560 902 1600 935 ad
1609 902 1675 935 ΡΡ.
1688 906 1714 934 et

1202 947 1266 980 FF.
1300 947 1353 989 qui
1386 950 1457 980 sunt
1488 947 1524 980 in
1540 946 1651 979 India:
1681 951 1714 977 de

1205 992 1389 1027 magnitudine
1418 991 1535 1026 suscepti
1565 991 1651 1026 operis
1688 993 1716 1018 et

1205 1028 1406 1068 conservatione
1423 1027 1532 1062 spiritus
1549 1027 1577 1054 in
1594 1026 1640 1054 illa
1651 1027 1714 1053 mis-

1205 1071 1285 1090 smne.

1183 1278 1270 1311 1565.
1285 1279 1332 1311 19.
1347 1278 1419 1311 Jan.
1447 1278 1602 1320 †Lainez.
1628 1278 1714 1310 Tunc

1203 1323 1367 1356 Societatis
1380 1326 1470 1355 erant
1481 1322 1653 1355 Provinciae
1665 1323 1713 1361 18,

1202 1368 1264 1400 ΡΡ.
1292 1368 1380 1406 3500,
1409 1367 1520 1399 domus
1547 1367 1615 1407 130,
1631 1367 1715 1399 Assi-

1203 1413 1325 1445 stentiae
1348 1413 1381 1444 4:
1408 1411 1516 1451 Italiae,
1542 1412 1715 1445 Germaniae

1202 1457 1287 1498 (cum
1300 1456 1403 1490 Gallia
1415 1460 1448 1489 et
1460 1456 1612 1499 Polonia),
1627 1456 1714 1489 Lusi-

1202 1502 1305 1541 taniae,
1328 1501 1497 1543 Hispaniae.

1180 1782 1333 1827 Burgi
1337 1792 1378 1822 a,
1386 1783 1565 1814 Franciscus
1572 1782 1715 1823 (Gandiae

1200 1830 1294 1859 natus
1326 1827 1373 1859 28.
1400 1827 1469 1859 Oct.
1497 1827 1587 1868 1510)
1610 1827 1643 1859 in
1670 1827 1710 1860 II.

1201 1871 1310 1914 Congr.
1330 1871 1466 1913 generali
1486 1871 1601 1904 electus
1623 1875 1670 1904 est

992 2152 1148 2184 Catechis„
1182 2139 1269 2172 1565.
1298 2140 1326 2172 2.
1356 2139 1418 2171 Jul.
1448 2139 1603 2181 suffragiis
1631 2140 1669 2171 23
1697 2149 1713 2171 e

1200 2185 1253 2223 31;
1272 2184 1311 2216 de
1330 2194 1393 2226 qua
1409 2194 1442 2216 re
1461 2194 1581 2216 summe
1598 2184 1713 2226 gaude-

1199 2228 1279 2261 bant
1299 2229 1374 2260 Pius
1398 2228 1450 2261 IV.
1480 2231 1512 2260 et
1534 2228 1570 2261 V.
1590 2228 1711 2271 Borgia,

1199 2273 1381 2315 postulante
1400 2277 1512 2314 postea
1531 2273 1586 2305 Pio
1607 2273 1655 2312 V.,
1677 2277 1714 2305 ut

1201 2318 1312 2350 chorus
1339 2317 1372 2350 in
1400 2317 1589 2350 Societatem
1616 2317 1713 2350 intro-

1202 2363 1375 2401 duceretur,
1387 2366 1419 2394 et
1429 2372 1535 2394 omnes
1544 2365 1617 2403 post
1626 2362 1712 2394 novi-

1200 2407 1317 2440 tiatum
1344 2407 1385 2439 ad
1410 2406 1632 2448 professionem
1659 2407 1712 2439 ad-

1201 2451 1410 2490 mitterentur,
1429 2461 1486 2493 pro
1505 2461 1562 2483 sua
1579 2451 1713 2493 pruden-

1200 2496 1247 2528 tia
1279 2506 1350 2528 cum
1383 2496 1535 2528 firmitate
1570 2495 1713 2528 Instituti

1199 2541 1370 2582 puritatem
1396 2540 1534 2573 servavit
1548 2539 1711 2579 intactam,

1200 2596 1257 2617 nec
1274 2589 1380 2618 tamen
1397 2584 1560 2617 Pontificis
1577 2584 1714 2627 perdidit

1200 2630 1350 2663 favorem.

1179 2809 1386 2842 Decreta
1411 2807 1478 2840 ΙΙ.
1505 2807 1712 2852 congre-

1205 2851 1420 2895 gationis
1427 2861 1439 2885 ε

1177 2909 1217 2942 Α.
1231 2909 1309 2941 Ante
1318 2908 1502 2942 electionem:
1515 2909 1553 2942 de
1565 2908 1713 2941 electione

1747 1706 1824 1738 1563

1747 412 1833 444 1561.
1859 412 1905 444 15.
1931 413 2015 453 Sept.
2061 413 2138 445 Cum
2161 413 2289 445 Pissiaci

1766 546 1927 622 postulata
1948 550 2036 585 esset,
2060 546 2197 578 Societas
2220 550 2288 579 tan-

1788 600 1837 622 em

1747 857 1834 889 1562.
1864 857 1911 889 13.
1939 857 2014 889 Feb.
2044 867 2063 889 a
2089 857 2289 890 Parlamento

1767 901 1947 933 admittitur
1960 901 2017 933 sub
2031 902 2156 933 nomine
2169 902 2290 939 „Socie-

1766 946 1843 978 tatis
1878 948 1908 978 C.
1945 946 2197 978 Claromontani“
2232 946 2290 978 sub

1767 990 1954 1029 conditione,
1973 994 2010 1023 ut
2027 991 2067 1023 ab
2085 1001 2143 1023 usu
2161 991 2208 1023 sui
2225 991 2291 1023 veri

1766 1035 1900 1067 nominis
1919 1039 1951 1067 et
1969 1035 2200 1077 privilegiorum
2221 1035 2291 1067 abs-

1766 1080 1876 1112 tineat.
1903 1099 1941 1102 —
1960 1080 2130 1112 Inchoatur
2165 1082 2196 1113 c.
2230 1080 2291 1111 Pa-

1766 1124 1900 1157 risimse.

1748 1259 1825 1291 1562
1839 1261 1969 1293 Broetus
1981 1269 2052 1291 cum
2067 1260 2085 1291 2
2100 1258 2189 1291 sociis
2203 1262 2290 1301 peste

1765 1304 1890 1336 infectis
1915 1304 2051 1336 serviens
2076 1304 2208 1336 moritur
2231 1303 2290 1335 Pa-

1765 1348 1845 1381 risiis
1864 1349 1911 1381 14.
1932 1349 2018 1390 Sept.

1747 1483 1825 1515 1563
1844 1483 1959 1515 Lainez
1982 1482 2119 1515 Tridenti
2139 1482 2290 1514 celebrem

1765 1526 1852 1559 illam
1881 1527 2053 1560 orationem
2081 1527 2119 1559 de
2147 1526 2290 1559 Primatu

1766 1571 1887 1604 habuit.

1865 1707 1969 1737 Prima
1996 1707 2196 1744 congregatio
2222 1707 2290 1737 Ma-

1765 1753 1854 1782 riana
1896 1751 2004 1782 Romae
2044 1750 2195 1782 instituta
2235 1760 2290 1791 per

1766 1794 1985 1827 scholasticum
2001 1797 2155 1826 ,Ioannem
2167 1796 2289 1827 Leunis.

1755 1973 1833 2006 1564
1850 1975 1881 2006 C.
1898 1973 1937 2005 M
1938 1973 2134 2006 ediolanense.

1746 2107 1824 2139 1564
1851 2106 1990 2148 aperitur
2017 2108 2047 2139 G.
2076 2106 2290 2139 Claromonta-

1765 2162 1841 2184 num
1863 2150 2007 2191 Parisiis,
2030 2151 2084 2183 ubi

1746 2286 1824 2317 1564
1837 2286 1924 2317 —76
1949 2287 1998 2317 Jo.
2018 2287 2214 2317 Maldonatus
2234 2285 2288 2317 do-

1765 2333 1815 2362 cet
1845 2329 2075 2371 philosophiam
2106 2333 2139 2362 et
2170 2328 2288 2362 theolo-

1764 2374 1848 2417 giam
1874 2378 1906 2406 et
1931 2374 2067 2416 explicat
2092 2374 2122 2407 S.
2149 2374 2288 2415 Scriptu-

1764 2429 1832 2451 ram
1871 2429 1984 2461 magno
2024 2429 2095 2451 cum
2135 2428 2286 2451 successu.

1764 2464 1879 2496 Postea
1928 2463 2075 2496 Bituricis
2124 2463 2288 2505 (Bourges)

1765 2508 1880 2540 multos
1890 2508 2069 2540 reconciliat
2080 2507 2286 2540 Calvinianos.

1745 2641 1889 2683 {Abydum}
1914 2643 2066 2679 Augerius
2092 2644 2124 2673 et
2149 2642 2288 2672 Possevi-

1765 2695 1824 2718 nus
1836 2685 2004 2718 catholicos
2016 2685 2205 2717 confirmant
2217 2695 2288 2717 con-

1766 2734 1818 2763 tra
1840 2730 1980 2763 haeresin.
2028 2729 2118 2762 Prior
2139 2730 2219 2762 1564
2241 2729 2286 2761 in-

1768 2775 1910 2817 trepidus
1953 2774 2051 2807 servit
2120 2773 2285 2815 pestiferis,

1765 2820 1840 2852 dum
1855 2819 2041 2851 Possevinus
2056 2818 2216 2850 Avenione
2241 2818 2286 2850 la-

1765 2864 1857 2897 borat
1877 2873 1933 2905 pro
1956 2863 2089 2905 Collegio
2112 2862 2266 2905 erigendo.

1202 2957 1234 2985 et
1252 2952 1359 2985 ordine
1376 2953 1571 2995 negotiorum
1590 2953 1630 2986 ad
1647 2963 1712 2985 mo·
1745 2953 1875 2985 Creatur
1884 2952 1976 2984 Prov.
1989 2951 2165 2993 Aquitanioe
2175 2950 2286 2993 8.Aug.

1201 2998 1277 3030 dum
1301 2997 1364 3030 fere
1390 2998 1414 3030 I.
1440 2997 1702 3040 Congregationis.

1427 3086 1466 3118 44

1765 2997 1852 3029 1564.

1988 3085 2028 3118 45
