2372 3550
127 326 286 363 Hispania,
307 326 465 356 Lusitania
611 325 785 362 Germania,
807 326 948 362 Belgium
1004 294 1025 401 j

1129 328 1252 365 Anglia,
1273 329 1401 359 Polonia

1683 330 1843 360 Missiones
1864 331 1978 362 exterae

59 453 136 485 1901
154 453 239 494 Sept.
258 452 319 484 Edi
335 452 432 494 coepti
449 456 524 484 sunt
554 452 630 484 1891
654 452 760 484 Prima
779 454 857 486 nex,
871 463 926 494 pro
942 463 1009 494 ope-

80 497 295 529 commentarii
307 497 455 538 periodici
467 497 521 529 So·
573 496 665 528 rariis
676 497 708 528 in
719 497 1007 540 Fayt-lez-Manage

78 541 419 627 {bzrzmffilil‘i‘spanomm
438 541 521 580 „Ra-
574 541 632 572 sub
649 542 680 574 C.
697 541 946 583 Caroloregiensi.

554 674 632 706 1893
660 675 690 707 C.
721 674 752 706 S.
777 674 891 707 Canuti
922 675 1004 707 inch.

574 718 701 759 Hafnioe
721 719 860 761 (Dania).

58 763 135 795 1902
150 763 262 805 Coepta
274 766 322 795 est
334 773 354 795 a
366 763 463 796 Sociis
476 763 521 795 Zu-

77 807 186 839 sitanis
200 807 353 846 „Revista
367 808 405 840 de
418 808 521 840 Scien-

79 852 141 884 cias
158 851 346 884 Naturaes“.

554 896 642 928 1893.
658 895 800 928 Alterum
815 898 847 930 C.
861 897 976 929 Leodiz'.

556 940 592 972 In
608 942 639 973 G.
655 942 704 973 Pr.
721 940 849 981 Belqicoe
863 941 1006 974 institue-

574 984 690 1016 bantur
706 987 872 1017 scholares:

603 1042 799 1074 1893—1894
880 1043 958 1075 6507

603 1087 798 1118 1894—1895
878 1088 958 1120 6549

602 1131 799 1163 1895—1896
880 1133 958 1164 6446

602 1176 799 1207 1896—1897
881 1177 958 1209 7645

602 1220 798 1252 1897—1898
880 1222 957 1253 7664

602 1264 797 1296 1898-1899
879 1266 956 1298 7812

601 1309 798 1340 1899-1900
879 1311 956 1342 7649

600 1353 798 1385 1908—1909
879 1355 956 1387 7998

57 1074 134 1106 Cum
148 1073 187 1106 ab
201 1084 228 1107 a.
243 1074 321 1106 1893
333 1074 426 1115 juxta
438 1075 518 1107 decr.

77 1119 124 1151 21.
138 1118 390 1160 Congregationis
398 1119 518 1152 XXIV.

76 1163 198 1196 assidue
215 1163 392 1196 laboratum
410 1163 521 1196 fuisset

76 1208 157 1240 circa
164 1208 325 1240 historiam
334 1208 364 1240 S.
376 1209 417 1246 J„
428 1209 520 1250 prod-

75 1253 178 1285 ierunt
198 1253 348 1285 historiae:

55 1340 123 1374 Ass
144 1343 302 1379 Hispaniae
321 1342 475 1384 (Astrain)

134 1400 212 1432 1902
233 1399 301 1432 Vol.
326 1400 349 1432 Ι.

135 1446 212 1480 1905
234 1445 300 1477 Vol.
325 1445 366 1477 II.

134 1491 212 1524 1909
233 1489 300 1522 Vol.
325 1489 384 1521 III.
551 1486 628 1518 1895
664 1488 695 1519 C.
721 1497 803 1520 max.
830 1487 860 1520 S.
888 1488 1003 1530 Ignatii

134 1537 211 1569 1912
233 1534 300 1567 Vol.
320 1534 373 1566 IV.
573 1531 761 1573 Vallcenburq
781 1532 907 1573 (Ditton
930 1533 1003 1565 Hali

570 1575 778 1618 relinquitur).

53 1627 225 1657 Germaniae
243 1623 359 1666 (Duhr)

134 1684 211 1716 1907
233 1681 300 1714 Vol.
325 1681 349 1714 I.

133 1728 211 1760 1913
232 1725 300 1759 Vol.
324 1726 366 1758 II.
380 1725 421 1766 (1.
436 1726 479 1768 2.)

52 1819 159 1849 Gauiae
175 1815 387 1858 (Fouqueray)

133 1875 211 1906 1910
233 1873 299 1907 Vol.
325 1874 348 1906 Ι.

133 1919 210 1952 1913
232 1918 299 1952 Vol.
324 1919 365 1951 II.

549 1976 745 2009 1898-1899
770 1976 802 2008 in
830 1977 867 2009 16
893 1979 925 2011 C.
951 1980 1000 2011 Pr.

566 2021 662 2053 Germ.
682 2024 715 2053 et
732 2023 775 2054 M.
795 2021 947 2064 Bombay.
968 2027 1000 2055 et

567 2065 698 2098 Americ.
754 2067 1001 2099 numerabantur

568 2109 710 2151 discipuli
744 2110 832 2149 4570,
869 2121 1000 2152 quorum

567 2155 645 2186 3328
664 2158 754 2186 erant
773 2156 902 2194 externi,
923 2157 1000 2188 1242

568 2198 774 2238 convictores;
804 2200 1001 2233 1904—1905

568 2253 641 2275 vero
651 2243 683 2275 in
694 2244 732 2276 19
742 2245 772 2276 G.
784 2244 861 2276 4487
872 2245 1001 2284 externi,

568 2287 760 2321 convictores
777 2289 866 2321 1540.

53 2010 151 2040 Italiae
164 2008 212 2050 (T.
227 2008 372 2050 Venturi)

132 2066 210 2098 1910
231 2065 299 2098 Vol.
323 2065 348 2098 I.

52 2157 203 2187 Americae
217 2156 293 2193 sept.
307 2154 462 2197 (Hughes)

132 2213 210 2245 1908
231 2212 299 2244 Vol.
323 2212 347 2244 Ι.

132 2258 209 2290 1908
231 2261 264 2289 et
284 2257 362 2289 1910
382 2257 513 2289 Docum.

52 2349 102 2380 Pr.
120 2346 241 2378 Bohem.
259 2345 384 2387 (Kross)

132 2404 210 2436 1910
231 2402 299 2435 Vol.
323 2403 347 2435 I.

549 2599 635 2631 1899.
651 2599 712 2631 ΡΡ.
728 2599 825 2641 belgae
839 2604 1001 2641 coeperunt

568 2644 671 2675 edere:
723 2643 800 2682 „Les
849 2644 1000 2678 Missions

567 2687 692 2730 belqes‘ss

548 2776 635 2809 1900.
655 2778 686 2809 0.
704 2777 735 2809 S.
754 2776 873 2818 Aloysii
891 2777 999 2810 Sinar-

567 2820 668 2853 diense
679 2821 742 2862 (Pr.
757 2821 884 2863 Germ).

269 3128 328 3162 478
751 3131 809 3163 479

1039 987 1126 1018 1894.
1142 987 1280 1019 24.-25.
1292 987 1356 1019 Jul.
1374 987 1490 1020 Solem·
1524 991 1610 1022 1894.
1625 991 1672 1022 10.
1686 990 1758 1022 Jan.
1771 992 1952 1023 Ambrosius
1962 994 2147 1024 Amirdana-

1059 1031 1142 1063 nitas
1168 1032 1348 1064 centenaria
1373 1034 1404 1065 C.
1425 1033 1490 1065 Sto·
1543 1036 1595 1065 der
1625 1035 1793 1067 defendens
1811 1035 1956 1068 Ecclesiae
1982 1037 2147 1077 possessio-

1059 1075 1195 1116 nyhurst.

1036 1788 1112 1819 1896
1134 1787 1296 1829 Templum
1324 1789 1489 1831 antiquum

1051 1832 1199 1873 Oppavioe
1219 1833 1251 1865 in
1269 1833 1378 1865 Silesia
1393 1834 1489 1866 Sociis

1543 1089 1614 1111 nem
1636 1084 1725 1111 vecte
1745 1079 1842 1112 ferreo
1864 1090 1882 1112 a
1901 1081 2030 1122 paganis
2051 1092 2146 1114 caesus

1544 1127 1603 1173 est.
1622 1134 1720 1165 usque
1753 1124 1792 1156 ad
1823 1128 1956 1157 mortem
1989 1126 2028 1157 ad
2060 1126 2146 1158 Tuti-

1543 1178 1637 1200 corin.

1523 1480 1600 1511 1895
1632 1482 1674 1512 Μ.
1704 1480 1853 1513 Gallensis
1884 1481 2026 1523 (Ceylon)
2058 1483 2147 1514 attri-

1542 1524 1650 1556 buitur
1682 1527 1731 1557 Pr.
1766 1525 1910 1567 Belgicae;
1944 1528 1987 1559 Μ.
2023 1527 2146 1558 Trimo-

1542 1569 1698 1601 maziensis
1738 1570 1770 1601 in
1810 1570 1918 1602 eadem
1959 1570 2062 1603 insula
2096 1575 2146 1605 Pr.

1544 1614 1731 1655 Campaniae,
1754 1624 1823 1656 quae
1842 1614 1886 1646 ibi
1907 1615 1984 1647 1898
2005 1626 2146 1648 numera-

1544 1658 1601 1690 bat
1622 1658 1805 1691 Sacerdotes
1829 1660 1855 1697 7,
1879 1659 1973 1692 Coad.
1998 1661 2024 1693 1.

1054 1877 1240 1910 Pr.Galiciae
1255 1878 1410 1917 redditur;
1433 1879 1486 1911 ad·
1524 1881 1610 1913 1897.
1640 1881 1667 1912 4.
1697 1881 1771 1922 Maj.
1804 1881 1839 1913 In
1869 1882 2008 1914 tumultu
2037 1887 2146 1915 contra

1054 1921 1141 1953 ditur
1162 1923 1200 1955 R.

1233 3133 1293 3166 480

1539 1926 1569 1957 S.
1584 1926 1614 1957 J.
1630 1930 1698 1957 orto
1713 1926 1749 1957 18
1762 1926 1823 1958 ΡΡ.
1838 1927 1952 1958 carceri
1964 1927 2145 1968 mancipan-

1540 1973 1592 2001 tur
1613 1969 1645 2001 in
1668 1970 1827 2011 republica
1848 1971 2084 2012 AEquatoriana.

1518 2014 1637 2046 Eodem
1667 2024 1748 2046 anno
1777 2015 1808 2046 in
1843 2015 2045 2056 Madayasear
2072 2017 2146 2057 (Re-

1539 2059 1644 2097 union,
1672 2059 1812 2101 Maurit.)
1837 2061 1886 2092 Pr.
1912 2060 2067 2092 Tolosana
2091 2061 2146 2092 ha-

1540 2103 1636 2135 bebat
1655 2103 1723 2136 Sao.
1742 2104 1790 2142 54,
1812 2104 1908 2137 Schol.
1934 2105 1962 2142 4,
1980 2104 2071 2137 Goad.
2091 2106 2144 2143 233

1539 2148 1571 2179 in
1589 2150 1630 2180 Μ.
1643 2148 1825 2180 Madurensi
1843 2149 1910 2182 Suc.
1926 2149 1972 2187 75,
1984 2149 2082 2182 Schol.
2095 2150 2144 2186 53.

1539 2192 1631 2225 Goad.
1655 2193 1702 2225 12.

1522 2326 1600 2358 1898
1633 2326 1669 2358 In
1701 2326 1845 2359 missione
1872 2328 1990 2358 Sinensi
2011 2327 2144 2368 (Tche-li

1540 2370 1647 2403 Merid.
1671 2370 1804 2413 Orient.)
1834 2372 1978 2413 occupati
2008 2375 2098 2404 erant
2128 2382 2143 2404 e

1541 2415 1796 2492 gthalwibaniae
1821 2415 1925 2457 Episc.
1953 2416 1980 2448 1.
2008 2416 2069 2449 ΡΡ.
2094 2417 2143 2455 48,

1522 2593 1693 2679 1ῗὲὶὲδῑῖοι.
1710 2593 1743 2625 in
1760 2593 1877 2635 Keyser
1894 2593 2002 2626 [stand
2018 2594 2080 2636 (Pr.
2099 2594 2140 2626 M.

1519 2771 1606 2803 1900.
1627 2771 1675 2803 19.
1695 2770 1770 2803 Jun.
1791 2771 1839 2803 20.
1860 2771 1923 2803 Jul.
1966 2771 2003 2803 In
2023 2771 2141 2804 Tche-li

1538 2815 1663 2856 (China)
1687 2825 1706 2847 a
1727 2815 1893 2848 rebellibus
1917 2816 2062 2857 (Boxers)
2085 2826 2141 2858 pro

1537 2859 1601 2891 fide
1639 2859 1731 2892 occisi
1769 2864 1843 2892 sunt
1879 2860 1940 2892 ΡΡ.
1980 2860 2141 2893 Modestus

1536 2903 1704 2943 Andlauer,
1727 2904 1886 2947 Remigius
1908 2905 2003 2944 Isore,
2023 2905 2140 2937 Paulus

1535 2948 1637 2987 Denn,
1651 2948 1798 2991 Jgnatius
1809 2949 1938 2991 Mangin
1950 2959 2021 2982 cum
2033 2949 2140 2982 multis

1536 2992 1722 3026 christianis.

1791 3135 1849 3167 481
