2372 3550
83 262 2165 281 Μ

150 312 310 348 Hispania,
331 311 489 342 Lusitania
558 280 565 384 Ι
635 314 810 351 Germania,
831 315 971 352 Belgium

1155 317 1277 354 lingna,
1298 319 1426 350 Polonia

1703 320 1863 352 missiones
1884 323 2001 353 exterae

83 438 170 470 1768.
192 438 238 470 15.
259 438 333 479 MaJ'.
355 438 436 471 Galli
455 449 545 472 occu-

101 485 181 523 pant
201 482 364 522 Corsicam,
386 484 470 516 unde
490 484 544 516 So-

102 526 140 558 cii
173 526 312 567 Hispani
344 527 457 560 iterum
492 539 544 560 ex—

100 570 190 612 pulsi,
231 571 383 613 refugium
424 572 542 605 inveni-

100 618 159 647 unt
180 615 212 646 in
236 615 328 647 Statu
351 616 528 650 Pontificio.

77 1326 163 1357 1772.
191 1325 263 1358 Jan.
291 1326 378 1359 Duce
407 1327 538 1361 Rectore

95 1371 126 1402 C.
159 1369 361 1403 Ferrariensis
394 1372 538 1413 deputati

94 1414 155 1446 ΡΡ.
176 1416 225 1447 Pr.
249 1415 437 1455 Ρεναυίαηω,
460 1417 538 1449 Ανα-

94 1458 191 1499 yoniae
215 1462 248 1491 et
270 1459 443 1493 Mexicanae
466 1462 492 1493 F
494 1472 538 1494 er-

94 1503 183 1535 rariae
198 1503 378 1537 habitantes
393 1515 475 1537 novo
497 1506 538 1539 le-

93 1551 167 1589 gato
203 1548 366 1590 pontificio
401 1549 537 1592 Scipioni

93 1592 260 1634 Borghesio
278 1593 434 1626 Cardinali
450 1605 482 1627 se
499 1595 537 1627 si-

92 1639 182 1668 stunt
209 1637 403 1679 gratulantes
433 1643 466 1671 et
486 1639 538 1672 be-

92 1680 185 1723 nigne
201 1681 407 1724 excipiuntur.
440 1684 536 1717 Suam

93 1725 234 1758 exulibus
245 1726 495 1761 benevolentiam
506 1733 539 1762 et

92 1779 230 1802 amorem
256 1781 319 1803 suae
343 1772 444 1813 gentis
471 1773 536 1806 avi-

93 1817 162 1846 tum
184 1814 216 1847 in
239 1815 269 1848 S.
293 1815 323 1848 J.
346 1816 467 1859 legatus
490 1821 535 1850 te-

92 1859 169 1891 stari
185 1869 248 1891 non
265 1860 379 1893 omisit.

662 693 705 719 Pr.
721 694 850 720 Bavarlca
866 694 943 720 1773.

621 745 799 780 Ambergense
817 747 844 772 G.

621 785 836 820 Burghusianum
853 787 881 812 G.

621 824 832 860 Ingolstadiense
849 827 876 852 c.

621 864 793 899 Biburgensis
811 866 844 892 B.

620 904 854 932 Landishutanum
871 907 898 932 c.

620 944 837 980 Landsbergense
845 947 873 972 C.
881 947 909 973 et
916 947 983 978 pr.

619 984 851 1012 Mindelherniense
868 987 895 1012 (Ξ.

619 1025 778 1051 Monacense
795 1027 823 1052 c.

619 1064 837 1100 Eberspergensis
855 1067 888 1093 R.

619 1106 703 1137 Daph.
713 1105 840 1141 OEttingae
852 1106 962 1134 Veteris.

619 1144 814 1172 Ratisbonense
831 1147 859 1173 c.

620 1184 846 1220 Straubinganum
864 1188 892 1214 c.

668 1238 726 1265 Sac.
795 1239 844 1265 229

668 1273 755 1301 Schol.
795 1275 845 1301 162
862 1239 878 1344 }
896 1276 947 1302 546

668 1309 748 1337 Coad.
795 1311 844 1337 155

565 1951 727 1983 Germania
739 1951 798 1983 hoc
811 1955 950 1994 tempore
964 1954 1019 1985 mi-

587 2006 645 2027 nus
655 1995 811 2027 inimicam
824 2007 855 2028 se
866 2002 1019 2030 monstra-

587 2040 634 2072 vit
658 2040 806 2072 adversus
831 2041 1019 2075 Societatem

587 2088 619 2116 et
638 2084 704 2126 ejus
725 2085 883 2127 quondam
902 2086 1017 2126 Socios,

587 2139 680 2170 quam
707 2129 818 2168 Gallia,
846 2130 1017 2170 Lusitania,

587 2173 740 2215 Hispania
760 2174 890 2217 (Italia).

69 2438 118 2469 Pr.
131 2436 300 2470 Imsitaniae
312 2444 532 2473 numeraverat
567 2440 603 2472 In
618 2440 746 2472 Austria
759 2440 859 2473 Maria
873 2441 1017 2475 Theresia

90 2491 173 2513 anno
191 2482 268 2514 1759

128 2536 205 2572 pr.
227 2535 255 2574 2,
322 2537 401 2569 Sem.
437 2538 464 2576 1,

128 2580 159 2611 c.
227 2580 274 2619 20,
316 2582 412 2619 Hosp.
436 2582 464 2620 1,

128 2624 201 2661 Dpr.
227 2624 255 2662 2,
318 2626 356 2657 R.
436 2627 474 2658 18

192 2676 297 2709 Socios
319 2678 376 2710 789

274 3100 333 3132 358

584 2494 603 2516 a
621 2484 711 2517 curiis
731 2485 913 2518 Burbonicis
932 2487 1016 2519 varie

584 2532 709 2561 tentata
723 2529 764 2561 ad
779 2530 1015 2571 supprimendos

584 2573 720 2605 Jesuitas
759 2584 879 2616 semper
917 2575 1015 2608 abnu-

584 2621 660 2657 erat,
683 2628 714 2650 se
736 2618 792 2650 soli
813 2619 960 2651 Pontifici
981 2620 1013 2652 in

582 2662 641 2694 hac
665 2672 697 2694 re
722 2662 826 2695 dicens
851 2663 1015 2696 obsecutu-

582 2715 658 2738 ram.
722 2706 856 2739 Austriae
887 2708 1015 2741 suberat

585 2750 732 2792 Belqium.

756 3105 816 3137 359

1080 487 1164 519 ximo
1179 488 1354 521 discrimine
1369 490 1513 522 versaba-

1081 535 1140 564 tur.
1188 532 1265 564 Post
1287 533 1420 574 primam
1445 534 1511 576 ejus

1079 575 1281 616 partitionem
1309 578 1395 616 1772,
1423 580 1454 611 G.
1481 580 1510 617 4,

1080 622 1119 652 R.
1133 621 1161 658 2,
1169 621 1207 652 14
1214 622 1256 653 M.
1263 621 1295 653 in
1308 622 1426 655 ditione
1433 623 1511 655 Rus·

1079 664 1133 696 sici
1153 664 1295 706 gubernii
1312 671 1410 705 erant,
1427 668 1511 709 quod

1079 708 1177 741 simile
1185 709 1363 743 Borrussico
1371 721 1427 744 nec
1434 712 1511 744 adeo

1078 752 1238 785 inimicum
1279 754 1430 788 Societati
1480 766 1512 789 se

1079 797 1222 838 praebuit.

1141 1981 1184 2007 Pr.
1201 1981 1304 2013 Anguae
1322 1983 1398 2009 1⁷78.

1206 2024 1242 2051 In
1260 2024 1358 2059 Belgio.-

1098 2061 1125 2087 c.
1132 2060 1493 2095 Leodiense,Audomarense,

1064 2097 1149 2128 Daph.
1163 2096 1328 2129 Gandaven.,
1343 2099 1411 2130 pr.
1424 2100 1452 2126 et
1466 2100 1494 2126 c.

1064 2131 1215 2159 Wattenen.

1192 2167 1228 2194 In
1246 2168 1355 2202 Anqlia:

1097 2203 1125 2229 0.
1143 2203 1169 2230 S.
1191 2203 1297 2238 Ignatii,
1317 2204 1492 2237 Londinense,

1064 2238 1249 2273 Conceptionis
1273 2239 1304 2266 B.
1329 2240 1365 2267 M.
1385 2241 1426 2273 V.‚
1445 2242 1490 2269 SS.

1064 2273 1183 2306 Xaverii,
1217 2274 1327 2307 Alovsii,
1362 2275 1492 2312 Hugonis,

1063 2309 1184 2342 Ceaddae,
1216 2304 1324 2338 Tho'mae
1356 2312 1491 2345 Cantuar„

1063 2345 1251 2380 Apostolorum
1259 2355 1265 2378 ;

1097 2391 1130 2416 Β.
1158 2390 1203 2417 SS.
1232 2390 1376 2423 Michaelis,
1405 2392 1492 2419 Wine-

1063 2425 1146 2457 iridae,
1164 2426 1207 2453 Jo.
1227 2426 1287 2458 Ev..
1305 2427 1418 2462 Georgii,
1436 2428 1491 2455 Ma-

1062 2461 1116 2492 riae,
1140 2461 1278 2494 Stanislai;

1096 2507 1132 2532 M.
1149 2506 1177 2532 in
1194 2506 1362 2540 Marylandia
1379 2510 1407 2534 et
1425 2508 1490 2535 Pen-

1061 2541 1190 2574 sylvania.

1094 2577 1164 2603 Socii
1180 2577 1238 2604 285.

1097 2612 1269 2640 Provincialis
1280 2614 1395 2641 Thomas
1408 2614 1487 2642 More.

1239 3110 1299 3142 360

1063 443 1205 484 Regnum
1231 444 1368 477 Poloniae
1391 445 1423 477 in
1448 456 1513 477 ma-
1547 446 1584 478 In
1598 446 1756 479 Marianis
1770 451 1802 480 et
1817 448 1902 489 apud
1920 449 2048 490 Taqalos
2062 451 2169 492 (perti-

1565 490 1684 523 nebant
1732 492 1773 523 ad
1815 494 1864 525 Pr.
1907 493 2168 537 Philippinarum)

1566 536 1766 568 neoconversi
1786 540 1875 569 erant
1891 538 2028 576 165052;
2050 543 2082 571 et
2102 540 2168 571 ubi-

1567 589 1627 621 que
1659 590 1720 622 quo
1753 581 1892 613 nondum
1919 592 2048 614 manum
2079 594 2165 616 suam

1564 623 1691 656 miserat
1704 624 1890 664 destructor,
1905 626 2065 659 Missioncs
2078 628 2168 660 flore-

1565 667 1652 701 bant.

1541 1334 1622 1366 Socii
1636 1335 1694 1366 678
1710 1335 1784 1376 (PP.
1801 1336 1869 1375 509,
1885 1336 1986 1369 Schol.
2004 1338 2051 1375 42,
2068 1338 2162 1370 Coad.

1562 1380 1632 1419 127)
1656 1381 1705 1412 Pr.
1728 1380 1911 1419 Meziaam,
1938 1382 1991 1423 qui
2014 1382 2061 1414 25.
2088 1383 2161 1415 Jun.

1561 1424 1638 1455 1767
1670 1424 1883 1466 comprehensi
1914 1429 1946 1458 et
1976 1425 2080 1459 exules
2111 1427 2163 1459 de-

1560 1468 1678 1508 portati
1715 1468 1849 1508 fuerant,
1887 1470 1919 1501 in
1957 1470 2163 1512 legationibus

1561 1512 1748 1545 Bononiensi
1778 1517 1810 1546 et
1837 1514 2025 1547 Ferrariensi
2053 1515 2163 1548 Status

1560 1556 1758 1590 ecclesiastici
1789 1559 1866 1590 1768
1896 1559 2072 1592 formarunt
2101 1562 2164 1598 Pr„

1561 1611 1629 1643 quae
1658 1602 1735 1634 1771
1766 1603 1940 1635 vocabatur
1967 1604 2024 1637 SS.
2058 1604 2163 1637 Trini-

1559 1645 1639 1684 tatis,
1660 1656 1857 1688 suppressam
1879 1648 1966 1686 1773,
1988 1648 2077 1690 cujus
2098 1659 2162 1681 om-

1559 1700 1613 1722 nes
1634 1690 1697 1723 fere
1729 1692 1888 1733 quondam
1906 1692 1989 1725 Socii
2011 1693 2044 1725 in
2070 1693 2163 1726 Italia

1561 1734 1629 1767 vita
1651 1735 1751 1768 functi
1775 1740 1858 1769 sunt.

1689 2449 1793 2480 Ruina
1812 2450 1877 2481 toro
1896 2451 2000 2482 tutans

1557 2491 1726 2523 multarum
1762 2492 1943 2525 missionum
1979 2493 2159 2526 florentium

1556 2535 1649 2576 juxta
1675 2546 1838 2569 commune
1864 2537 2016 2578 judicium
2043 2538 2159 2580 episco-

1556 2590 1676 2621 porum,
1709 2581 1982 2621 missionariorum‚
2014 2582 2159 2615 historio-

1555 2624 1753 2666 graphorum,
1772 2626 1920 2668 originem
1938 2627 2036 2659 traxit
2053 2637 2070 2659 e
2087 2637 2158 2669 sup-

1556 2669 1711 2710 pressione
1728 2670 1759 2702 S.
1779 2670 1809 2702 J.

1806 3113 1865 3146 361
