2372 3550
407 284 440 320 2.
466 280 780 319 Administratio
809 279 1064 318 Sacramenti
1091 279 1357 331 poenitentiae.
1412 281 1446 317 3.
1475 278 1718 317 Oatechesis.
1771 280 1806 316 4.
1835 278 2092 316 Sodalitates.

591 375 839 411 Germania.

281 442 317 473 Β.
332 442 440 472 Petrus
455 441 593 472 canisius
609 438 694 481 (vide
709 437 791 471 inter
807 438 923 471 Beatos
938 437 1042 480 infra).

200 485 221 528 †
236 485 284 518 21.
301 485 482 528 Decembris
503 485 590 517 1597.

279 538 539 571 Franciscus
574 537 757 577 Hunolt,
791 539 857 569 nat.
890 535 1005 578 Sigenii
1043 536 1091 568 31.
1130 535 1224 568 Mart.

201 583 288 622 1691,
309 583 387 624 ingr.
408 582 455 614 18.
478 582 553 623 Maj.
581 581 669 620 1709,
697 580 816 614 celeber
840 581 1041 613 concionator
1063 580 1097 612 111
1119 580 1226 612 cathe-

201 626 480 705 ‹tigIaIl'iorgls'rZiLjrgnsi
507 636 562 668 per
587 625 704 658 multos
732 635 839 658 annos.
867 625 888 667 †
914 625 1047 658 Treviris
1075 625 1122 657 12.
1151 624 1226 666 Sep—

278 729 329 761 J0.
343 728 422 769 Nep.
440 727 604 769 Tsehupik,
618 730 712 760 natus
726 728 753 759 7.
769 730 826 759 aut
839 727 887 759 12.
901 726 977 769 Apr.
993 727 1072 759 1729
1086 727 1224 766 Viennae,

200 773 278 815 ingr.
297 774 344 805 14.
363 773 433 805 Oct.
452 773 540 812 1744,
559 772 599 805 ab
617 782 700 804 anno
717 772 795 804 1763
813 771 1015 804 concionator
1032 771 1111 804 aulae
1128 772 1225 804 etiam

200 818 258 850 sub
278 818 415 859 Josepho
435 817 478 850 II.
498 817 518 859 †
537 818 585 849 20.
607 816 670 849 Jul.
693 816 781 849 1784.

283 873 348 903 Jos.
368 872 532 908 Schneller,
548 873 615 902 nat.
634 871 662 902 1.
679 870 754 902 Dec.
772 869 851 902 1734
867 868 986 909 Graecfi,
1002 869 1080 912 ingr.
1097 869 1226 902 Viennae

201 916 248 948 18.
268 915 337 948 Oct.
358 915 450 955 1758;
469 915 578 947 docuit
593 924 649 957 per
666 915 685 946 3
704 924 802 947 annos
819 914 1007 947 humaniora
1023 914 1152 953 Labaci,
1172 914 1227 946 ad-

200 960 288 992 venit
311 960 465 992 Viennam
490 960 568 992 1766
597 959 652 991 ubi
682 959 723 991 ad
749 959 780 992 S.
807 958 960 1000 Stephani
984 968 1040 1001 per
1064 969 1162 991 annos
1187 958 1226 990 36

200 1005 445 1037 concionabatur
464 1004 587 1046 (Oratio
612 1003 751 1036 funebris
777 1003 810 1035 in
836 1003 1010 1045 Josephum
1032 1003 1075 1037 II.
1097 1007 1130 1036 et
1150 1003 1226 1036 Leo-

200 1049 329 1091 poldum
351 1049 417 1092 IL).
439 1049 459 1092 †
479 1049 608 1081 Viennae
628 1049 662 1084 2.⁴
678 1048 754 1090 Apr.
778 1048 866 1081 1802.

278 1102 419 1144 Iynatius
448 1101 547 1141 Wurz,
575 1105 670 1134 natus
697 1101 825 1134 Viennae
852 1101 900 1133 10.
929 1101 999 1134 Oct.
1028 1102 1117 1141 1727,
1144 1101 1224 1143 ingr.

200 1148 227 1179 7.
244 1147 319 1180 Dec.
337 1148 424 1186 1747,
441 1156 497 1188 per
513 1146 686 1188 complures
704 1156 802 1178 annos
817 1145 916 1178 lector
931 1155 1026 1179 sacrae
1041 1146 1226 1188 eloquentiae

198 1192 231 1223 in
261 1191 388 1233 collegio
418 1191 605 1223 Theresiano
634 1190 812 1230 Viennensi,
842 1194 915 1232 post
943 1200 1142 1232 suppressam
1170 1190 1226 1223 So-

200 1236 346 1269 cietatem
364 1236 520 1278 parochus
539 1236 573 1268 in
591 1235 772 1275 Pierawart,
793 1234 849 1267 ubi
867 1235 887 1277 †
907 1236 956 1268 29.
976 1235 1056 1277 Aug.
1078 1235 1166 1268 1784.

278 1293 366 1325 Circa
385 1293 469 1326 idem
490 1297 614 1335 tempus
635 1292 903 1325 concionabantur
922 1293 957 1326 P.
978 1292 1090 1325 Franc.
1114 1292 1227 1334 Borqia

202 1338 322 1370 Tausch
338 1339 418 1380 (nat.
436 1338 628 1380 Clagenfurti
645 1338 692 1370 10.
711 1337 781 1370 061.
799 1337 887 1376 1702,
904 1336 982 1379 ingr.
1000 1337 1028 1369 9.
1048 1336 1117 1370 Oct.
1137 1337 1225 1376 1717,

197 1383 217 1425 †
243 1382 371 1415 Viennae
399 1383 447 1416 10.
474 1383 568 1416 Mart.
597 1382 689 1424 1775)
714 1382 748 1414 in
775 1381 847 1414 aula
872 1381 979 1414 Mariae
1005 1381 1167 1421 Theresiae,
1194 1385 1227 1414 et

1271 376 1307 409 P.
1329 375 1465 408 Joannes
1490 375 1625 407 Trebbels
1646 375 1725 417 (nat.
1748 375 1796 408 25.
1819 376 1905 417 Sept.
1929 375 2017 414 1713,
2039 375 2117 417 ingr.
2141 375 2189 408 21.
2212 375 2292 417 Aug.

1272 420 1364 462 1731)
1382 420 1511 453 Gedani.
1529 420 1550 462 †
1566 423 1640 462 post
1656 420 1743 452 1773.

1593 475 1630 505 In
1649 474 1791 505 restituta
1811 475 1971 506 societate.

1271 524 1458 599 1872Petrus
1472 524 1542 554 Roh
1554 522 1639 564 (vide
1651 522 1734 554 infra
1746 522 1906 554 Missiones
1919 521 1953 553 in
1966 521 2093 564 patria),
2118 521 2138 564 †
2153 522 2200 554 17.
2217 521 2292 563 Maj.

1352 619 1526 652 Bernardus
1546 619 1630 658 Rive,
1649 622 1744 652 natus
1761 620 1810 651 11.
1830 620 1905 652 Dec.
1926 620 2013 658 1824,
2033 619 2111 661 ingr.
2131 619 2179 652 19.
2199 619 2293 651 Mart.

1271 664 1358 698 1851.
1382 664 1508 697 Celeber
1520 663 1720 697 concionibus
1732 663 1873 703 Coloniae,
1888 664 1926 696 de
1937 663 2162 697 infallibilitate
2174 663 2295 696 Summi

1268 709 1443 744 Pontifieis.
1463 709 1590 741 habitis.
1626 708 1647 750 †
1665 708 1713 741 30.
1734 708 1798 741 Jul.
1818 708 1906 741 1884.

1348 764 1496 800 Georgius
1510 763 1611 794 Roder
1625 761 1733 803 (infraz
1747 761 1831 794 Miss.
1844 762 1878 793 111
1889 761 2016 804 patria),
2026 762 2046 803 †
2058 762 2106 794 22.
2119 762 2195 794 Dec.
2207 761 2294 793 1887.

1349 814 1403 848 Fr.
1425 815 1506 848 Xav.
1535 814 1705 856 Wembeqer,
1731 818 1797 847 nat.
1825 815 1912 854 1805,
1938 815 2016 857 ingr.
2043 815 2092 847 31.
2119 814 2189 847 Oct.
2217 814 2295 846 1832

1270 859 1498 902 Austr.-Hung.
1525 859 1546 901 †
1572 860 1620 892 29.
1649 859 1738 891 Junii
1764 859 1842 891 1888
1867 859 1900 891 in
1927 859 2079 898 Ainerica,
2108 859 2294 892 Cincinnati.

1270 904 1412 937 Maxima
1434 909 1502 937 erat
1524 904 1591 946 ejus
1612 904 1709 936 fama.

1688 957 1890 990 Polonia.

1350 1012 1458 1042 Petrus
1483 1012 1606 1048 Searga,
1632 1013 1697 1043 nat.
1720 1009 1881 1042 Grodzieci
1907 1009 1983 1042 Feb.
2012 1009 2100 1048 1536,
2130 1008 2297 1041 canonicus

1271 1054 1491 1097 Leopoliensis,
1509 1055 1618 1087 Romae
1632 1055 1660 1087 2.
1676 1054 1752 1087 Feb.
1769 1054 1847 1086 1569
1861 1054 2017 1097 ingressus
2033 1058 2081 1086 est
2096 1053 2295 1086 Societatem.

1272 1099 1427 1132 Reversus
1448 1099 1524 1131 1571
1546 1099 1579 1131 in
1599 1099 1762 1131 Poloniam
1782 1098 1899 1131 multos
1920 1099 1983 1131 suis
2005 1098 2204 1131 concionibus
2225 1108 2297 1130 con-

1266 1144 1376 1177 vertit.
1408 1144 1486 1176 1588
1501 1148 1633 1177 vocatus
1647 1144 1710 1176 fuit
1723 1143 1757 1176 in
1772 1143 1878 1176 aulam
1892 1143 2082 1186 Sigismundi
2098 1143 2158 1176 III.
2189 1143 2209 1185 †
2225 1143 2311 1175 Cra-'

1271 1189 1368 1222 coviae
1389 1189 1437 1222 27.
1460 1189 1545 1231 Sept.
1569 1189 1657 1221 1612.

1588 1244 1625 1274 In
1651 1244 1794 1274 restituta
1818 1243 1979 1275 societate.

1350 1292 1475 1322 carolus
1497 1292 1717 1329 Antoniewiez‚
1740 1294 1806 1323 nat.
1824 1291 1852 1323 6.
1869 1291 1950 1323 Nov.
1969 1290 2057 1329 1807,
2073 1289 2151 1331 ingr.
2169 1288 2298 1322 Galiciae

1271 1336 1319 1368 11.
1337 1335 1422 1377 Sept.
1441 1335 1529 1375 1839,
1546 1335 1566 1378 †
1582 1336 1674 1368 Obrae
1690 1336 1737 1368 11.
1756 1335 1837 1368 Nov.
1855 1335 1943 1368 1852.
1977 1335 2072 1376 Cujus
2090 1334 2144 1366 vix
2160 1343 2223 1366 non
2240 1333 2297 1365 im—

1271 1390 1380 1413 mensa
1401 1380 1534 1413 dicentis
1555 1380 1728 1413 auctoritas
1749 1379 1820 1412 fuit.

665 1489 713 1530 2.
741 1487 1132 1529 Administratio
1163 1485 1477 1528 sacramenti
1506 1485 1840 1539 poenitentiae.

279 1577 348 1610 Hoc
371 1587 499 1610 munere
522 1576 714 1619 fungebatur
736 1576 875 1610 Societas
898 1586 1014 1618 magna
1037 1586 1109 1608 eum
1132 1575 1227 1608 devo·
1272 1575 1394 1618 quoties
1413 1584 1542 1607 munere
1562 1584 1618 1606 suo
1639 1585 1710 1606 cum
1729 1584 1846 1616 magna
1863 1573 2012 1616 loquendi
2031 1573 2177 1605 libertate
2197 1571 2299 1605 functi

200 1622 285 1654 tione
302 1626 371 1654 tum
388 1622 474 1664 apud
489 1621 651 1664 populum,
669 1625 739 1653 tum
755 1622 841 1663 apud
857 1621 974 1653 multos
990 1631 1076 1663 reges
1093 1624 1126 1653 et
1141 1620 1226 1662 prin·
1272 1623 1346 1652 sunt
1362 1623 1492 1661 excepto
1508 1619 1641 1651 forsitan
1656 1619 1691 1651 P.
1709 1618 1859 1651 Lachaise
1874 1619 1974 1660 magis
1990 1618 2188 1650 connivente.
2219 1616 2299 1649 Aliis

200 1667 292 1708 cipes.
341 1667 393 1699 Ita
415 1677 523 1709 regum
546 1666 655 1699 Galliae
678 1666 742 1698 fere
765 1666 831 1698 sine
854 1665 1083 1698 intermissione
1108 1665 1227 1698 confes·
1273 1674 1397 1707 quoque
1416 1664 1449 1696 in
1468 1663 1547 1696 aulis
1566 1663 1657 1706 regiis
1676 1663 1820 1703 Austriae,
1840 1663 2015 1704 Hispaniae,
2035 1662 2215 1701 Lusitaniae,
2238 1661 2300 1694 Ba-

200 1711 273 1744 sarii
298 1711 384 1744 fuere
411 1712 449 1743 19
476 1711 606 1744 Jesuitae
631 1711 808 1753 incipiendo
835 1710 876 1743 ab
904 1710 1067 1743 Edmundo
1094 1710 1227 1752 Auqerio
1273 1709 1366 1741 varice
1389 1708 1601 1742 Jesuitisvhoc
1623 1718 1751 1740 munere
1775 1708 1849 1740 olirn
1871 1708 2065 1750 fungendum
2088 1710 2170 1746 erat;
2195 1716 2214 1738 a
2237 1715 2299 1748 quo

200 1756 384 1799 (1574—87)
410 1766 509 1799 usque
536 1756 577 1788 ad
603 1756 639 1789 P.
668 1755 839 1788 Desmarest
865 1755 1061 1798 (1753—64),
1091 1754 1145 1797 qui
1172 1754 1227 1787 ali·
1274 1764 1367 1787 onere
1387 1763 1472 1786 nova
1492 1753 1632 1786 Societas
1652 1752 1752 1786 libera
1773 1753 1837 1785 fere
1858 1752 2040 1795 permansit.

1020 1858 1070 1898 5.
1099 1854 1416 1898 catechesis.

281 1947 336 1981 B.
357 1947 495 1981 Petro
518 1946 692 1979 canisio
722 1949 849 1978 auctore
877 1944 1075 1987 prodierunt:
1094 1925 1229 1977 Summa

202 1991 352 2024 doctrinae
363 1991 539 2023 christianae
551 2001 604 2023 seu
617 1990 823 2023 catechismus
834 1990 944 2031 major.
957 1989 1085 2022 Viennae
1093 1989 1181 2023 1555.
1189 2009 1229 2012 —

203 2036 423 2068 Institutiones
440 2035 617 2067 christianae
633 2045 686 2067 seu
703 2045 821 2077 parvus
836 2034 1052 2067 catechismus.
1070 2034 1117 2067 Ib.
1139 2034 1226 2067 1566.

283 2084 371 2117 Edm.
387 2084 552 2126 Auyerius:
567 2084 761 2116 Catechisme
776 2087 809 2116 et
823 2083 987 2116 sommaire
1003 2083 1041 2116 de
1055 2082 1087 2115 la
1099 2082 1228 2125 religion

202 2129 389 2162 chretienne.
435 2129 581 2171 Lugduni
604 2129 691 2161 1563.

281 2180 486 2210 Bellarminus
500 2182 538 2210 ut
551 2178 810 2220 Archiepiscopus
825 2177 995 2220 Capuensis
1010 2176 1135 2219 scripsit
1149 2177 1228 2209 1603

203 2223 428 2256 catechismum
452 2233 553 2262 suum,
581 2223 634 2265 qui
659 2233 767 2255 versus
786 2226 834 2255 est
852 2226 963 2265 postea
981 2222 1014 2254 in
1033 2221 1151 2254 multas
1168 2221 1227 2253 lin-

202 2278 279 2310 guas
300 2267 447 2300 diversas.

281 2316 407 2349 Hieron.
432 2315 576 2357 Ripalda,
608 2319 673 2349 nat.
697 2316 775 2348 1537
800 2316 834 2348 in
855 2315 1020 2358 Aragonia,
1042 2315 1120 2357 ingr.
1144 2324 1226 2347 anno

204 2361 307 2393 aetatis
329 2362 389 2400 14.,
411 2371 467 2403 per
488 2360 685 2403 aliquantum
708 2360 856 2402 temporis
879 2360 1082 2393 confessarius
1104 2360 1227 2392 Sanctae

204 2406 355 2438 Theresiae
367 2409 400 2438 et
409 2405 544 2438 director
550 2406 709 2437 variarum
717 2405 881 2437 domorum
891 2404 1140 2447 religiosarum,†
1150 2404 1227 2436 1618

204 2450 314 2490 Toleti,
336 2454 431 2483 notus
447 2450 601 2492 imprimis
619 2450 808 2482 catechismo
824 2450 865 2481 ab
885 2450 952 2491 ipso
972 2449 1156 2490 conscripto,
1175 2448 1228 2491 qui

204 2505 302 2537 usque
329 2495 370 2527 ad
394 2495 477 2527 hanc
502 2498 643 2527 nostram
669 2498 795 2527 aetatem
821 2494 994 2526 identidem
1016 2493 1119 2526 editus
1138 2497 1195 2526 est.

281 2543 448 2576 Gulielmus
495 2543 689 2585 Hyacinthus
729 2543 892 2585 Bouqeam,
937 2546 1004 2575 nat.
1043 2541 1229 2584 Coriosopiti

204 2588 395 2631 (Quimper),
409 2588 488 2631 ingr.
503 2589 551 2622 29.
566 2588 653 2631 Sept.
668 2588 755 2621 1636.
770 2588 790 2631 †
804 2587 965 2621 Avenione
979 2587 1027 2620 19.
1042 2586 1123 2620 Nov.
1138 2587 1226 2619 1697.

1277 1943 1487 1986 „Exposition
1501 1942 1584 1976 dela
1597 1942 1738 1975 doctrine
1752 1942 1930 1975 chretienne
1950 1967 1957 1974 .
1982 1967 1990 1974 .
2015 1967 2022 1974 .
2042 1941 2158 1974 divisee
2172 1950 2210 1973 611
2225 1940 2301 1973 trois

1278 1988 1494 2021 catechismes:
1532 1987 1714 2030 historique,
1754 1987 1966 2029 dogmatique,
2005 1985 2172 2028 pratique“
2211 1986 2299 2024 1741,

1278 2043 1356 2075 opus
1376 2043 1457 2075 saepe
1476 2033 1661 2075 impressum
1682 2036 1715 2065 et
1733 2042 1859 2064 versum
1878 2032 1912 2063 in
1932 2031 2009 2063 alias
2029 2030 2161 2072 linguas.

1361 2088 1512 2124 Josephus
1529 2087 1679 2124 Deharbe‚
1695 2088 1760 2118 nat.
1780 2086 1808 2118 1.
1818 2085 1893 2126 Apr.
1905 2085 1983 2116 1800
1993 2083 2204 2126 Argentorati‚
2221 2083 2300 2124 ingr.

1277 2130 1379 2173 Brigae
1391 2131 1438 2163 20.
1451 2131 1539 2173 Sept.
1552 2131 1640 2170 1817,
1651 2131 1671 2172 †
1681 2130 1788 2162 Mariae
1799 2130 1840 2162 ad
1850 2129 1954 2161 lacum
1965 2129 1994 2161 8.
2008 2129 2088 2161 Nov.
2102 2128 2190 2167 1871,
2204 2127 2303 2160 edidit

1281 2175 1504 2208 catechismum
1523 2175 1556 2208 111
1576 2175 1595 2207 5
1615 2174 1744 2207 diversis
1764 2174 1914 2206 doctrinae
1933 2173 2081 2216 gradibus
2101 2176 2134 2205 et
2152 2176 2303 2214 praeterea

1280 2220 1383 2261 majus
1413 2220 1572 2262 quoddam
1601 2229 1679 2261 opus
1709 2218 1934 2251 catecheticum
1964 2218 2053 2250 1857.
2111 2217 2190 2259 Ejus
2220 2219 2303 2249 cate-

1281 2264 1390 2297 chismi
1411 2264 1445 2297 in
1467 2265 1584 2297 multas
1606 2264 1728 2306 linguas
1752 2263 1897 2296 translati
1920 2266 2003 2295 sunt.

1358 2317 1444 2350 Alios
1466 2318 1571 2351 Socios
1594 2316 1704 2350 saeculo
1722 2317 1810 2349 XVI.
1835 2317 1913 2348 bene
1936 2316 1974 2348 de
1991 2314 2152 2348 Catechesi
2173 2313 2302 2346 meritos

1279 2362 1374 2395 affert
1389 2366 1422 2395 61
1436 2363 1540 2395 varias
1556 2362 1741 2405 quaestiones
1757 2361 1798 2393 ad
1814 2360 1996 2393 Catechesin
2012 2360 2042 2392 S.
2061 2359 2091 2392 J.
2108 2358 2302 2401 pertinentes

1277 2407 1310 2439 in
1322 2417 1378 2440 suo
1389 2406 1468 2439 libro
1482 2407 1549 2447 „La
1561 2406 1732 2448 Gompam'a
1744 2406 1779 2438 de
1785 2406 1810 2437 J
1810 2416 1876 2438 esus
1885 2404 2077 2445 Οιιίειῃιτὲειαιι
2085 2403 2212 2436 Madrid
2225 2403 2303 2436 1913

1277 2455 1396 2485 tractat
1418 2452 1454 2485 P.
1481 2451 1623 2485 Gaecilius
1645 2451 1750 2484 Gomez
1775 2450 1909 2489 Rodezes,
1934 2453 2001 2481 nat.
2028 2449 2076 2481 22.
2103 2448 2185 2480 Nov.
2211 2447 2300 2486 1842,

1275 2496 1354 2573 inglr.
1374 2496 1422 2547 18.
1442 2496 1533 2547 Febr.
1554 2496 1632 2529 1858
1651 2494 1812 2572 (Caspia-lli),
1830 2494 1887 2545 ‘qui
1895 2493 2094 2571 Suthc‘riptor
2113 2496 2150 2569 etl
2164 2492 2302 2569 didecffir

1275 2544 1466 2628 ἕὲηὲοῗῧῐίιίιέ,
1481 2541 1876 2619 ἓῗοῐὸῗὲεἳὲεἱᾶιποηοε,
1919 2564 1926 2571 .
1966 2564 1973 2571 .
2011 2547 2126 2580 magna
2152 2546 2192 2569 au
2216 2546 2233 2568 e

1051 2685 1101 2726 4.
1130 2682 1456 2725 sodalitates.

285 2773 544 2816 congregationes
563 2773 600 2806 B.
619 2773 661 2806 M.
681 2773 718 2806 V.
738 2776 851 2815 coeptae
869 2775 943 2805 sunt
960 2771 993 2804 in
1012 2771 1146 2814 Collegio
1166 2771 1228 2803 Ro·
1272 2770 1412 2803 omnium
1435 2769 1652 2803 condicionum
1676 2771 1767 2801 erant
1792 2767 1924 2801 diffusae.
1955 2767 1993 2800 In
2006 2766 2108 2800 Gallia
2126 2766 2223 2798 etiam
2241 2775 2298 2808 pro

207 2828 300 2850 mano
323 2819 401 2851 1563
423 2828 494 2850 cum
516 2818 674 2859 discipulis
696 2817 840 2850 classium
861 2816 1042 2849 inferiorum
1064 2827 1084 2848 a
1105 2816 1227 2848 Joanne
1271 2815 1424 2847 militibus
1449 2814 1580 2847 Jesuitae
1629 2816 1792 2846 erexerant
1816 2811 2085 2855 Congregationes.
2112 2830 2151 2834 —
2176 2810 2298 2842 Eodem

207 2863 357 2904 Leunis,1)
384 2863 532 2904 magistro
560 2862 677 2905 quintae
704 2862 818 2901 classis,
854 2861 1036 2903 approbatae
1068 2871 1088 2893 a
1101 2860 1228 2902 Grego-
1271 2859 1365 2892 modo
1380 2859 1413 2891 in
1429 2869 1513 2891 nova
1529 2858 1684 2891 Societate
1701 2857 1960 2900 Congregationes
1976 2856 2042 2898 jam
2057 2855 2130 2887 inde
2149 2855 2189 2887 ab
2205 2854 2298 2886 initio

207 2907 252 2939 rio
275 2907 369 2940 XIII.
394 2907 472 2939 1584
495 2910 527 2939 61
548 2907 701 2949 imprimis
724 2917 743 2939 a
766 2906 936 2939 Benedieto
959 2905 1047 2938 XIV.
1071 2905 1150 2937 1748
1173 2914 1228 2946 per
1272 2907 1362 2936 erant
1385 2907 1418 2936 et
1440 2906 1516 2936 sunt
1538 2913 1637 2935 unum
1661 2912 1700 2935 ex
1723 2901 1992 2944 principalioribus
2016 2899 2198 2932 ministeriis
2223 2908 2298 2940 apo-

208 2951 326 2984 bullam
352 2951 520 2991 „Gloriosae
543 2950 717 2984 Dominae“.

687 3040 747 3072 603

768 2951 893 2994 Ubique
917 2954 950 2983 61
973 2950 1056 2983 111161
1079 2958 1228 2992 personas
1272 2948 1398 2981 stolicis.

1757 3035 1818 3068 604

293 3136 315 3171 ¹)
331 3136 448 3164 Joannes
464 3136 560 3163 Leunis
575 3137 656 3164 natus
672 3137 731 3167 erat
746 3135 838 3163 Leodii
853 3135 930 3169 1535,
945 3135 1011 3170 ingr.
1029 3134 1122 3162 Romae
1138 3133 1180 3164 18.-
1198 3133 1262 3163 .11111.
1279 3132 1354 3163 1556,-
1388 3132 1406 3169 -ῐ-
1422 3131 1531 3160 Taurini
1547 3131 1588 3162 19.
1605 3130 1676 3165 Nov.
1695 3130 1771 3160 1584.
