2372 3550
1108 268 1141 303 7.
1176 264 1366 303 Scientia.

189 363 361 406 Postquam
386 364 426 396 ab
451 374 533 397 anno
559 364 636 396 1590
659 373 715 405 per
738 364 776 395 18
801 374 899 396 annos
924 363 1125 395 secretarium
1151 362 1215 404 egit

188 408 292 441 Patris
305 408 487 450 Aquavivae,
503 408 633 441 revertit
647 408 725 440 1608
738 408 771 439 10
786 408 929 447 Galliam,
946 408 998 440 ubi
1015 407 1214 440 1637—1643

189 456 257 486 erat
292 453 494 486 confessarius
532 452 683 484 Ludovici
719 452 829 491 XIII.;
868 452 1040 484 multorum
1067 452 1214 484 Ecclesiae

187 497 319 530 Patrum
344 507 437 539 opera
459 497 579 529 inedita
601 497 809 538 imprimenda
833 497 964 535 curavit,
991 501 1023 529 et
1049 507 1147 538 usque
1173 496 1213 528 ad

187 545 320 574 mortem
344 542 504 584 scriptioni
525 541 678 574 incubuit.
700 542 720 583 †
741 542 867 574 Parisiis
890 543 917 573 7.
941 541 1010 574 Oct.
1035 542 1122 573 1651.

271 605 407 635 Joannes
428 605 606 641 Bollandus,
628 607 722 635 natus
745 603 791 635 13.
815 603 894 645 Aug.
919 603 996 635 1596
1019 603 1212 635 Juliomonte

187 648 219 680 in
241 648 359 680 ditione
380 647 552 686 Leodiensi,
573 648 651 690 ingr.
674 648 721 680 21.
745 648 830 697 Sept.
854 648 940 686 1612,
964 648 1060 689 coepit
1081 647 1212 679 conscri-

188 692 259 725 bere
294 693 396 731 „Acta
438 692 657 731 Sanctorum‘ss
701 702 770 734 quae
803 692 869 733 jam
904 702 975 724 cum
1010 691 1211 733 Rosswcydio

187 737 219 779 (†
242 718 332 779 1629)
353 737 525 769 meditatus
547 737 660 775 fuerat,
684 737 826 778 viditque
847 737 971 778 prodire
994 737 1012 768 5
1034 736 1137 778 prima
1158 746 1211 768 vo-

186 781 314 814 lumina.
337 781 357 823 ·1·
377 781 559 823 Antverpiae
581 782 628 814 12.
651 782 738 823 Sept.
762 781 849 814 1665.

267 843 359 875 Hunc
384 847 420 875 ut
444 843 647 886 hagiographi
672 843 770 875 secuti
801 847 875 875 sunt
904 844 1030 885 (praeter
1054 843 1210 884 Papebro-

187 887 301 926 chium,
327 898 357 920 V.
382 888 476 931 infra)
500 899 538 921 ex
562 888 779 921 celebrioribus
802 888 835 919 hi
860 891 1007 930 quatuor:

264 951 443 981 Godefridus
465 952 689 987 chschenius‚
712 954 777 982 nat
802 950 927 1000 Venray
950 951 997 982 21
1023 950 1094 982 ι1011
1121 951 1209 989 1601,

185 993 262 1036 ingr.
288 994 461 1027 Mechliniae
485 996 532 1027 22.
560 995 640 1027 Nov.
667 995 754 1034 1619,
782 994 881 1027 socius
907 994 1061 1027 Bollandi.
1087 995 1107 1036 †
1131 995 1211 1027 Ant-

187 1038 300 1080 verpiae
321 1040 368 1072 11.
391 1039 477 1081 Sept.
501 1040 589 1072 1681.

262 1100 428 1133 Gulielmus
444 1101 582 1142 Cup-erus
598 1102 771 1143 (Cuypers),
793 1105 859 1134 nat.
880 1102 1061 1152 Antverpiae
1083 1102 1110 1134 1.
1133 1102 1209 1143 Maj.

186 1145 272 1183 1686,
291 1145 368 1188 ingr.
387 1146 435 1179 31.
455 1146 518 1178 Jul.
538 1147 624 1179 1704.
660 1146 758 1178 Petiit
774 1146 952 1178 missionem
969 1147 1002 1178 in
1021 1146 1136 1185 Indias,
1156 1147 1210 1178 sed

184 1189 559 1267 bursusxrsiifiiiiziclonffinuare
574 1190 655 1223 Acta
668 1191 864 1223 Sanctorum.
880 1191 900 1232 †
914 1191 1095 1232 Antverpiae
1109 1192 1136 1223 2.
1153 1191 1209 1223 Fe-

263 1296 399 1329 Joannes
429 1297 598 1338 Stiltinqus,
630 1300 695 1329 nat.
727 1296 904 1338 Doerwijck
934 1298 981 1329 24.
1012 1297 1087 1329 Feb.
1119 1298 1209 1336 1703,

184 1340 261 1383 ingr.
287 1341 335 1374 30.
362 1342 447 1383 Sept.
475 1342 552 1374 1722
577 1341 701 1383 (Belg.),
728 1341 925 1373 Bollandista
950 1352 988 1373 ex
1012 1342 1127 1374 lectore
1153 1343 1210 1374 hu-

184 1385 370 1419 maniorum.
390 1386 410 1428 †
429 1386 605 1428 Antverpia
624 1387 672 1419 28.
693 1386 767 1418 Feb.
790 1386 877 1418 1762.

263 1447 414 1488 Josephus
442 1447 627 1488 Ghesquicre,
659 1451 724 1480 nat.
757 1447 901 1479 Cortrace
933 1449 980 1480 27.
1012 1448 1087 1480 Feb.
1120 1449 1208 1487 1731,

183 1491 260 1533 ingr.
295 1492 342 1524 16.
376 1492 445 1525 Oct.
476 1493 555 1524 1750
587 1492 710 1535 (Belg.),
745 1492 942 1524 Bollandista
974 1496 1006 1524 et
1041 1493 1140 1525 socius
1173 1494 1208 1526 P.

183 1535 235 1568 010
260 1536 293 1568 10
319 1537 533 1578 componendo
561 1537 688 1576 „Museo
714 1536 1025 1579 historiographico“.
1052 1538 1072 1579 †
1098 1538 1209 1570 Essen-

184 1580 243 1613 diae
258 1580 292 1613 in
308 1581 435 1614 Geldria
451 1582 499 1614 23.
518 1581 539 1614 J
542 1591 592 1614 an.
611 1582 698 1613 1802.

263 1643 500 1685 Philippus
532 1643 730 1676 Labbeus
766 1644 909 1687 (Labbe),
947 1645 994 1676 10.
1029 1645 1092 1677 Jul.
1131 1646 1209 1677 1607

185 1687 378 1730 Biturigibus
394 1691 498 1726 natus,
515 1687 593 1730 ingr.
610 1688 657 1720 28.
674 1688 759 1730 Sept.
779 1689 866 1727 1623,
886 1689 994 1721 docuit
1010 1689 1207 1729 rhetoricam,

183 1731 421 1774 philosophiam,
456 1732 475 1764 5
509 1732 598 1765 annis
632 1733 830 1775 theologiam,
865 1734 997 1775 scriptor
1032 1734 1143 1766 deinde
1177 1734 1209 1766 in

183 1787 292 1818 genere
302 1776 439 1818 positivo
450 1776 622 1819 theologiae,
633 1777 788 1819 †Parisiis
800 1779 846 1810 17.
858 1778 951 1811 Mart.
965 1779 1051 1811 1667.
1074 1779 1167 1811 Hunc
1176 1779 1209 1811 in

185 1820 355 1860 „Concilii“
377 1821 503 1854 edendis
526 1821 651 1863 adjuvit
673 1822 798 1854 Gabriel
819 1823 954 1855 Cossart.

263 1882 417 1915 Sforza
445 1883 766 1925 pallavicinus,
794 1884 903 1916 Romae
928 1888 1021 1917 natus
1051 1885 1098 1917 28.
1127 1885 1207 1917 Nov.

184 1927 271 1966 1607,
313 1926 390 1969 juris
433 1927 537 1960 studio
581 1931 621 1967 et,
670 1928 819 1970 magistro
864 1929 1000 1971 Lugone,
1046 1929 1209 1971 theologiae

183 1971 328 2004 incubuit
357 1971 391 2003 in
422 1972 454 2004 C.
488 1972 642 2011 Romano,
675 1973 752 2004 1628
784 1973 894 2005 doctor
925 1973 1096 2015 theologiae,
1131 1975 1209 2006 1630

184 2016 325 2049 sacerdos
351 2020 384 2048 et
408 2016 555 2058 praelatus
580 2016 721 2058 pluribus
748 2018 1044 2060 Congregationibus
1071 2019 1208 2060 adscrip-

184 2064 235 2092 tus
249 2060 319 2093 fuit.
349 2061 396 2093 21.
412 2061 486 2093 Jun.
502 2061 580 2093 1637
593 2061 747 2103 ingressus
762 2062 950 2094 Societatem
966 2067 998 2095 et
1012 2063 1090 2095 1639
1104 2064 1207 2095 factus

182 2104 280 2137 lector
303 2104 516 2147 philosophiae,
542 2106 690 2138 successit
713 2106 802 2138 Patri
826 2107 947 2149 Lugoni
972 2111 1076 2140 creato
1102 2107 1208 2140 Cardi-

183 2149 248 2181 nali
268 2149 300 2181 in
322 2149 514 2188 cathedram,
536 2150 602 2192 ipse
625 2160 749 2192 quoque
771 2151 849 2183 1659
871 2152 911 2184 ab
933 2151 1111 2184 Alexandro
1134 2153 1206 2185 VII.

184 2193 338 2236 dignitate
371 2194 567 2227 cardinalitia
598 2194 773 2237 insignitus.
808 2196 927 2228 Auctor
960 2200 1007 2228 est
1041 2197 1208 2235 „Historiae

184 2238 306 2271 concilii
328 2238 532 2271 Tridentini“.
556 2239 576 2281 †
598 2240 625 2272 5.
651 2240 724 2272 Jun.
750 2240 836 2273 1667.

262 2300 398 2332 Joannes
419 2301 665 2340 Garnierus,11.
691 2301 771 2333 Nov.
797 2302 874 2333 1612
897 2305 991 2334 natus
1014 2302 1150 2341 Parisiis,
1175 2303 1207 2335 in

183 2344 214 2377 S.
232 2344 261 2377 J.
280 2345 327 2377 15.
346 2345 415 2377 Oct.
433 2346 521 2384 1628,
538 2345 636 2378 lector
652 2346 814 2388 theologiae
830 2356 885 2388 per
902 2357 999 2378 annos
1016 2348 1065 2379 30.
1098 2347 1208 2380 Edidit

184 2399 246 2421 non
269 2399 385 2431 paucos
409 2372 573 2431 scriptores
597 2390 743 2432 antiquos
769 2390 881 2433 quibus
906 2391 1029 2423 addidit
1053 2402 1207 2424 commen-

184 2432 280 2465 tarios
301 2433 474 2475 praeclaros.
518 2434 538 2476 ἦ·
560 2435 710 2467 Bononiae
731 2435 778 2467 26
803 2435 872 2468 Oct.
897 2436 984 2468 1681.

264 2495 371 2527 Petrus
394 2495 543 2528 Possinus
565 2497 764 2539 (Poussines),
788 2501 853 2530 nat.
878 2499 964 2537 1609,
987 2498 1064 2548 ingr.
1090 2500 1116 2531 7.
1141 2499 1204 2532 Jul.

185 2540 272 2578 1624,
297 2539 399 2572 multa
423 2551 517 2581 opera
532 2541 664 2573 Patrum
687 2552 857 2583 graecorum
882 2546 914 2574 et
938 2543 1125 2584 scriptorum
1150 2543 1206 2585 by-

184 2583 380 2616 zantinorum
405 2585 512 2624 edidit,
538 2595 663 2627 operam
688 2586 842 2628 impendit
866 2587 962 2619 etiam
986 2587 1018 2619 in
1042 2588 1205 2620 historiam

184 2628 214 2660 S.
235 2628 265 2660 J.
304 2628 463 2670 †Tolosae
482 2630 509 2661 2.
530 2630 604 2662 Feb.
627 2631 714 2663 1686.

265 2690 398 2722 Remtus
415 2691 529 2731 Rapin,
547 2696 612 2724 nat.
630 2692 658 2724 3.
677 2692 756 2725 Nov.
775 2693 861 2731 1621,
878 2693 955 2735 ingr.
968 2694 1015 2726 22.
1028 2694 1097 2726 Oct.
1115 2695 1203 2733 1639,

183 2738 278 2776 poeta
304 2734 430 2773 latinus,
461 2735 538 2768 benc
566 2736 688 2778 scripsit
715 2736 877 2769 historiam
907 2738 1104 2776 ι151080018011,
1137 2749 1205 2780 quae

184 2778 243 2855 {mg
258 2778 390 2856 ‘deffiigr'zn
412 2783 518 2812 nostro
540 2783 679 2822 tempore
701 2781 787 2813 edita
808 2785 864 2814 est.
892 2782 1053 2824 †Parisiis
1075 2784 1122 2815 27.
1147 2783 1204 2815 Oc-

200 2833 218 2855 0
241 2833 282 2855 118

262 2887 372 2918 Daniel
392 2888 627 2925 papebrochius,
650 2891 716 2920 nat.
735 2888 917 2929 Antverpiae
940 2889 985 2921 17.
1003 2889 1095 2921 Mart.
1114 2889 1202 2928 1628,

184 2930 231 2963 24.
253 2930 323 2963 Oct.
347 2930 424 2963 1646
450 2930 538 2972 ingr,
568 2941 714 2973 prospere
734 2932 842 2964 docuit
862 2933 983 2965 litteras
1005 2933 1204 2965 humaniores

185 2978 217 3006 et
235 2974 474 3017 philosophiam.
510 2975 559 3007 Ab
587 2986 668 3007 anno
692 2977 768 3009 1660
795 2981 863 3009 erat
888 2977 970 3009 inter
991 2977 1204 3010 Bollandistas

183 3017 275 3051 facile
296 3019 449 3062 princeps
490 3018 510 3061 †
529 3020 576 3053 28.
599 3020 675 3053 Jun.
700 3022 784 3053 1714.

669 3109 729 3141 623

1237 2506 1298 2538 .16.
1332 2506 1406 2538 Dec.
1441 2506 1527 2538 1625.

1344 364 1480 394 Joannes
1518 363 1727 400 Hardouinus,
1765 362 1950 404 Coriosopiti
1987 366 2081 395 natus
2119 364 2166 395 23.
2206 364 2281 396 Dec.

1260 408 1347 446 1646,
1376 407 1500 439 Jesuita
1527 406 1573 438 25.
1602 407 1687 448 Sept.
1716 408 1803 446 1660,
1830 411 1924 439 notus
1951 407 2126 439 Collectione
2152 408 2283 440 Concili-

1260 462 1344 483 orum
1368 462 1386 483 a
1409 452 1625 484 Schneemann
1649 451 1842 484 continuata.
1866 452 1886 493 †
1909 452 1936 484 3.
1961 452 2046 493 Sept.
2071 453 2158 485 1729.

1339 513 1471 545 ι10001108
1500 512 1679 554 Lonqueval,
1710 517 1776 545 nat.
1808 514 1855 546 18.
1886 514 1979 546 Mart.
2011 514 2099 552 1680,
2130 514 2282 546 admissus

1259 558 1305 589 17.
1317 558 1402 599 Sept.
1417 558 1507 595 1699,
1526 560 1654 598 rogatus
1673 567 1692 588 a
1708 557 1788 590 clero
1806 557 1915 590 Galliae
1932 558 2056 600 scripsit
2071 558 2176 600 priora
2192 559 2211 590 8
2229 569 2283 591 vo-

1257 602 1377 634 lumina
1397 602 1545 634 Historiae
1564 601 1709 634 Ecclesiae
1727 602 1895 644 gallicanae,
1918 613 1987 644 quae
2006 602 2077 635 dein
2098 602 2284 635 continuata

1259 650 1306 678 081
1328 657 1426 688 usque
1450 647 1490 678 ad
1513 647 1560 678 18.
1585 646 1731 678 volumen
1754 657 1773 678 a
1793 647 1887 679 Petro
1910 647 2039 679 Claudio
2061 647 2216 679 Fontenai
2238 648 2281 689 (n.

1258 692 1345 730 1683,
1371 692 1448 733 ingr.
1475 691 1562 729 1698,
1587 691 1607 732 †
1631 691 1732 732 1742),
1757 691 1850 723 Petro
1875 692 2014 733 Brumoy
2038 692 2081 733 (n.
2107 692 2194 731 1688,
2218 692 2281 734 ing.

1258 736 1345 774 1704,
1363 736 1382 777 †
1400 736 1491 777 1742)
1521 739 1552 767 et
1578 735 1614 768 G.
1641 735 1691 767 Fr.
1720 735 1863 768 Berthier
1887 736 1939 778 (cf.
1967 736 2083 778 supra).
2121 736 2282 778 †Parisiis

1258 781 1303 812 14.
1325 780 1396 812 Jan.
1417 780 1504 812 1735.

1340 835 1492 871 Josephus
1519 835 1711 872 Hartzheim,
1739 836 1825 865 ortus
1853 834 1899 865 11.
1929 833 2001 865 Jan.
2031 834 2109 866 1694
2136 835 2280 876 Coloniae,

1255 878 1331 920 ingr.
1357 878 1384 910 3.
1403 877 1477 919 Maj.
1502 879 1588 916 1712,
1614 877 1721 909 docuit
1743 877 1937 916 humaniora,
1960 877 2082 920 linguas
2106 879 2281 920 orientales,

1256 922 1485 964 philosophiam
1517 926 1549 954 et
1579 922 1777 964 theologiam.
1839 922 1950 954 Edidit
1980 923 2219 956 commentarios
2249 925 2282 957 10

1255 968 1285 999 S.
1314 967 1438 1008 Script,
1467 966 1616 999 Biblioth.
1635 966 1858 1005 Coloniensem,
1887 966 2024 999 Concilia
2049 968 2224 1001 Germaniae
2250 973 2283 1002 et

1256 1011 1326 1043 alia.
1364 1009 1452 1043 Obiit
1471 1011 1604 1044 Coloniae
1623 1012 1671 1043 17.
1692 1011 1763 1043 Jan.
1784 1011 1871 1043 1763.

1336 1071 1516 1099 Franciscus
1548 1070 1702 1099 Antonius
1727 1070 1884 1105 zaccaria,
1919 1069 1966 1101 27.
1995 1069 2087 1102 Mart.
2116 1070 2196 1103 1714
2223 1071 2281 1104 Ve-

1255 1113 1346 1145 netiis
1371 1117 1474 1152 natus,
1501 1113 1547 1145 18.
1574 1113 1643 1145 Oct.
1664 1113 1740 1144 1731
1765 1112 1798 1144 in
1821 1112 2015 1154 provinciam
2032 1114 2167 1147 Austriae
2190 1115 2280 1158 ingr,

1256 1158 1364 1190 docuit
1382 1157 1518 1196 Goritiae,
1538 1157 1592 1190 sed
1610 1167 1684 1189 mox
1702 1161 1835 1189 vocatur
1854 1157 1997 1190 Romam.
2035 1159 2113 1191 1745
2132 1160 2282 1193 successit

1254 1202 1425 1234 Muratorio
1455 1206 1558 1234 custos
1587 1201 1783 1234 bibliothecae
1811 1202 1929 1234 ducalis
1957 1202 2152 1236 Mutinensis.
2210 1205 2281 1247 Ipso

1255 1247 1373 1279 celebre
1398 1257 1475 1288 opus
1500 1246 1624 1288 scripsit
1648 1250 1758 1278 contra
1781 1246 1981 1280 Febronium.
2030 1247 2202 1290 Suppressa
2226 1249 2281 1282 So-

1255 1292 1369 1323 cietate
1390 1291 1524 1323 Romam
1544 1302 1576 1323 sc
1596 1291 1713 1332 recepit
1733 1294 1765 1323 et
1785 1291 1919 1323 (1001111
1911 1301 1944 1323 10
1965 1291 2178 1334 S„apientia“‚
2199 1304 2281 1326 mor-

1255 1340 1328 1368 tuus
1352 1337 1399 1368 10.
1425 1336 1494 1368 Oct.
1520 1336 1607 1368 1795.

1334 1400 1511 1436 Alphonsus
1526 1399 1740 1435 MuzzarelluS‚
1756 1397 1904 1430 Ferrariae
1919 1401 2012 1430 natus
2029 1399 2076 1431 22.
2092 1398 2172 1441 Aug.
2191 1400 2279 1439 1749,

1255 1443 1302 1475 20.
1331 1442 1400 1475 Oct.
1429 1443 1507 1474 1768
1533 1442 1611 1484 ingr.
1642 1442 1799 1480 Bononiae,
1826 1442 1943 1475 ibidem
1970 1446 2002 1475 et
2029 1443 2135 1476 Irnolae
2161 1443 2278 1484 docuit,

1255 1497 1420 1528 suppressa
1432 1487 1589 1519 Societate
1601 1487 1684 1519 rexit
1696 1487 1727 1519 C.
1742 1486 1894 1518 nobilium
1906 1487 2082 1521 Parmense.
2096 1488 2125 1520 A
2136 1488 2193 1520 Pio
2205 1489 2278 1522 VII.

1255 1532 1435 1563 nominatus
1460 1531 1622 1573 theologus
1647 1531 1897 1573 poenitentiariae.
1946 1532 2139 1574 Deportatus
2165 1543 2184 1565 a
2208 1533 2280 1566 Gal-

1254 1576 1300 1615 lis,
1326 1576 1453 1608 Parisiis
1479 1576 1558 1608 obiit
1582 1576 1629 1608 25.
1655 1575 1730 1617 Maj.
1757 1576 1844 1608 1813.

1576 1648 1612 1677 In
1631 1648 1774 1678 restituta
1796 1648 1957 1679 societate.

1334 1715 1437 1744 Victor
1450 1714 1486 1744 de
1499 1715 1597 1749 Buck,
1619 1712 1824 1751 Bollandistae,
1851 1716 1917 1745 nat.
1942 1713 1989 1746 24.
2004 1713 2078 1755 Apr.
2094 1713 2180 1752 1817,
2199 1713 2276 1756 ingr.

1255 1758 1301 1790 11.
1317 1758 1386 1790 Oct.
1402 1758 1488 1790 1835.
1532 1758 1552 1799 †
1573 1757 1726 1789 Bruxellis
1749 1758 1796 1789 23.
1820 1757 1894 1798 Mai.
1919 1758 2006 1790 1876.

1334 1810 1460 1843 Carolus
1484 1811 1519 1843 de
1542 1810 1651 1849 Smedt,
1677 1814 1742 1843 nat.
1768 1811 1796 1843 6.
1821 1810 1896 1852 Apr.
1922 1811 2009 1850 1833,
2034 1811 2112 1854 ingr.
2130 1811 2177 1844 13.
2195 1812 2276 1845 Nov.

1254 1855 1341 1888 1851.
1387 1855 1407 1897 †
1429 1855 1583 1887 Bruxellis
1606 1856 1633 1887 4.
1656 1855 1748 1887 Mart.
1771 1856 1859 1888 1911.

1333 1908 1383 1940 ξῙο.
1411 1908 1577 1947 Martinov,
1605 1912 1671 1940 nat.
1698 1908 1731 1940 in
1758 1908 1872 1940 Russia
1899 1910 1925 1941 7.
1954 1908 2023 1941 Oct.
2052 1909 2140 1948 1821,
2167 1913 2278 1951 postea

1254 1952 1433 1991 catholicus,
1466 1953 1590 1985 Jesuita
1620 1953 1667 1985 18.
1700 1953 1784 1994 Sept.
1817 1953 1904 1992 1845,
1937 1953 2061 1995 scripsit
2091 1953 2129 1986 de
2161 1954 2277 1987 sanctis

1252 1997 1469 2039 graeco-slavis.
1519 1997 1538 2039 †
1564 1998 1678 2029 Cannis
1703 1998 1750 2029 26.
1777 1997 1851 2039 Apr.
1878 1998 1965 2030 1894.

1503 2108 1541 2141 g.
1564 2098 1764 2132 Historia
1784 2097 2027 2133 Societatis.

1609 2164 1748 2197 Historia
1760 2164 1916 2206 generalis.

1332 2230 1478 2262 Nieolaus
1506 2230 1701 2268 Orlandinus,
1732 2234 1797 2262 nat.
1829 2230 1916 2269 1554,
1947 2230 2100 2263 admissus
2132 2231 2159 2262 7.
2191 2230 2273 2263 Nov.

1254 2275 1340 2313 1572,
1369 2275 1492 2316 scripsit
1518 2278 1640 2317 partem
1669 2275 1692 2307 Ι.
1720 2275 1857 2307 historiae
1882 2275 1912 2308 S.
1941 2274 1971 2308 J.
2023 2275 2200 2307 Defunctus
2227 2279 2275 2308 est

1254 2319 1362 2352 Romae
1381 2320 1429 2352 17.
1450 2319 1526 2361 Maj.
1549 2320 1637 2352 1606.

1333 2372 1515 2404 Franciscus
1540 2372 1716 2410 Sacchinus,
1743 2375 1836 2404 natus
1862 2373 1908 2405 10.
1936 2373 2016 2405 Nov.
2044 2372 2122 2404 1570
2145 2371 2274 2404 Paciani

1251 2427 1347 2458 prope
1376 2417 1543 2455 Pelusium,
1574 2417 1697 2449 Jesuita
1725 2417 1753 2449 8.
1784 2417 1853 2449 Oct.
1884 2417 1972 2456 1588,
2003 2427 2080 2458 opus
2110 2416 2273 2449 Orlandini

1252 2461 1449 2493 continuavit
1472 2461 1634 2493 scribendo
1658 2461 1767 2493 Partes
1792 2461 1913 2494 IL—V.
1938 2461 2024 2493 Tom.
2051 2461 2075 2493 Ι.
2121 2460 2141 2503 †
2165 2461 2273 2493 Romae

1592 2505 1850 2547 Supplementum
1883 2506 1921 2538 de
1953 2504 2151 2538 missionibus
2182 2505 2273 2537 extra

1251 2550 1410 2591 Europam
1431 2550 1464 2582 in
1485 2550 1580 2582 Parte
1601 2550 1638 2582 V.
1661 2550 1748 2582 Tom.
1772 2550 1796 2582 I.
1819 2550 1951 2582 debetur
1971 2549 2111 2582 Possino.

1328 2607 1479 2647 Josephus
1507 2607 1683 2646 Juvencms,
1713 2607 1761 2639 14.
1790 2607 1876 2648 Sept.
1906 2607 1984 2639 1643
2012 2606 2139 2639 Parisiis
2166 2610 2270 2645 natus,

1250 2651 1276 2683 1
1301 2652 1386 2693 Sept.
1412 2652 1489 2683 1659
1520 2651 1554 2683 in
1577 2651 1607 2684 S.
1632 2651 1673 2690 J.‚
1697 2651 1794 2683 lector
1825 2651 1986 2683 rhetoricae
2007 2651 2040 2683 in
2073 2650 2201 2683 diversis
2226 2651 2269 2689 0.,

1250 2696 1382 2727 Romam
1412 2696 1545 2737 denique
1573 2699 1712 2728 vocatus.
1770 2696 1901 2737 Scripsit
1930 2695 1963 2727 II
1987 2696 2074 2727 Tom.
2103 2693 2204 2736 partis
2233 2695 2269 2728 V.

1248 2740 1384 2772 historiae
1407 2740 1437 2772 S.
1462 2740 1492 2772 J.
1538 2740 1701 2772 Laudatur
1724 2743 1761 2772 ut
1783 2740 1963 2772 humanista
1992 2743 2024 2772 et
2047 2739 2148 2771 editor
2176 2739 2271 2780 scrip-

1249 2788 1351 2816 torum
1373 2788 1515 2816 veterum
1537 2785 1700 2826 expunctis
1722 2784 1796 2817 locis
1817 2784 1950 2816 lascivis.
1972 2784 1992 2826 †
2013 2784 2060 2816 29.
2083 2783 2157 2824 Maj.
2181 2783 2268 2816 1719.

1327 2845 1434 2878 Julius
1453 2845 1556 2878 Caesar
1573 2846 1716 2884 Gordara,
1735 2849 1800 2878 nat.
1820 2846 1867 2878 16.
1886 2846 1960 2878 Dec.
1979 2846 2058 2877 1704
2073 2844 2270 2878 Alexandriae

1247 2890 1279 2921 in
1310 2890 1411 2928 Italia,
1442 2891 1490 2922 20.
1519 2891 1594 2922 Dec.
1626 2891 1703 2922 1718
1732 2890 1863 2928 Jesuita,
1892 2889 2040 2931 magister
2067 2889 2208 2928 Viterbii,
2237 2893 2270 2922 et

1249 2935 1325 2966 1742
1350 2934 1617 2976 historiographus
1641 2934 1815 2967 Societatis.
1860 2933 1990 2975 Scripsit
2012 2933 2110 2966 latine
2133 2933 2269 2966 historiae

1249 2982 1371 3019 partem
1387 2979 1452 3017 VI.‚
1470 2979 1488 3011 i.
1508 2989 1533 3011 e.
1551 2989 1598 3011 res
1619 2982 1722 3020 gestas
1739 2978 1797 3010 sub
1813 2978 1913 3010 Mutio
1924 2977 2109 3010 Vitellescho
2134 2979 2151 3009 2
2165 2978 2268 3010 Tomis

1249 3023 1341 3064 (1750
1359 3026 1392 3055 et
1410 3023 1510 3065 1859).
1547 3023 1567 3065 †
1584 3024 1603 3055 6
1621 3023 1713 3055 Mart.
1733 3023 1820 3055 1785.

1728 3111 1788 3144 624
