<?xml version="1.0" encoding="UTF-8"?>
<!DOCTYPE html PUBLIC "-//W3C//DTD XHTML 1.0 Transitional//EN"
    "http://www.w3.org/TR/xhtml1/DTD/xhtml1-transitional.dtd">
<html xmlns="http://www.w3.org/1999/xhtml" xml:lang="en" lang="en">
 <head>
  <title>
</title>
<meta http-equiv="Content-Type" content="text/html;charset=utf-8" />
  <meta name='ocr-system' content='tesseract 3.04.00' />
  <meta name='ocr-capabilities' content='ocr_page ocr_carea ocr_par ocr_line ocrx_word'/>
</head>
<body>
  <div class='ocr_page' id='page_1' title='image "./synopsishistoria00wern_0059.png"; bbox 0 0 2372 3550; ppageno 0'>
   <div class='ocr_carea' id='block_1_1' title="bbox 75 280 2135 287">
    <p class='ocr_par' dir='ltr' id='par_1_1' title="bbox 75 280 2135 287">
     <span class='ocr_line' id='line_1_1' title="bbox 75 280 2135 287; baseline 0 0"><span class='ocrx_word' id='word_1_1' title='bbox 75 280 2135 287; x_wconf 95' lang='lat' dir='ltr'> </span> 
     </span>
    </p>
   </div>
   <div class='ocr_carea' id='block_1_2' title="bbox 122 321 459 358">
    <p class='ocr_par' dir='ltr' id='par_1_2' title="bbox 122 321 459 358">
     <span class='ocr_line' id='line_1_2' title="bbox 122 321 459 358; baseline -0.006 -6"><span class='ocrx_word' id='word_1_2' title='bbox 122 322 281 358; x_wconf 82' lang='lat' dir='ltr'><strong>Hispania,</strong></span> <span class='ocrx_word' id='word_1_3' title='bbox 301 321 459 351; x_wconf 82' lang='lat' dir='ltr'><strong>Lusitania</strong></span> 
     </span>
    </p>
   </div>
   <div class='ocr_carea' id='block_1_3' title="bbox 570 280 2135 287">
    <p class='ocr_par' dir='ltr' id='par_1_3' title="bbox 570 280 2135 287">
     <span class='ocr_line' id='line_1_3' title="bbox 570 280 2135 287; baseline 0 0"><span class='ocrx_word' id='word_1_4' title='bbox 570 280 2135 287; x_wconf 95' lang='lat' dir='ltr'> </span> 
     </span>
    </p>
   </div>
   <div class='ocr_carea' id='block_1_4' title="bbox 604 288 1394 394">
    <p class='ocr_par' dir='ltr' id='par_1_4' title="bbox 604 288 1394 394">
     <span class='ocr_line' id='line_1_4' title="bbox 604 288 1394 394; baseline 0.001 -44"><span class='ocrx_word' id='word_1_5' title='bbox 604 321 778 356; x_wconf 81' lang='lat' dir='ltr'>Germania,</span> <span class='ocrx_word' id='word_1_6' title='bbox 800 321 940 357; x_wconf 86' lang='lat' dir='ltr'>Belgium</span> <span class='ocrx_word' id='word_1_7' title='bbox 1012 288 1017 394; x_wconf 85' lang='grc' dir='ltr'>Ι</span> <span class='ocrx_word' id='word_1_8' title='bbox 1123 321 1245 357; x_wconf 84' lang='lat' dir='ltr'>Ang1ia‚</span> <span class='ocrx_word' id='word_1_9' title='bbox 1267 321 1394 351; x_wconf 89' lang='lat' dir='ltr'>Polonia</span> 
     </span>
    </p>
   </div>
   <div class='ocr_carea' id='block_1_5' title="bbox 1671 321 1969 351">
    <p class='ocr_par' dir='ltr' id='par_1_5' title="bbox 1671 321 1969 351">
     <span class='ocr_line' id='line_1_5' title="bbox 1671 321 1969 351; baseline 0.003 -1"><span class='ocrx_word' id='word_1_10' title='bbox 1671 321 1831 351; x_wconf 85' lang='lat' dir='ltr'>Missiones</span> <span class='ocrx_word' id='word_1_11' title='bbox 1852 322 1969 351; x_wconf 82' lang='lat' dir='ltr'>exterae</span> 
     </span>
    </p>
   </div>
   <div class='ocr_carea' id='block_1_6' title="bbox 56 389 2137 397">
    <p class='ocr_par' dir='ltr' id='par_1_6' title="bbox 56 389 2137 397">
     <span class='ocr_line' id='line_1_6' title="bbox 56 389 2137 397; baseline 0 0"><span class='ocrx_word' id='word_1_12' title='bbox 56 389 2137 397; x_wconf 95' lang='lat' dir='ltr'> </span> 
     </span>
    </p>
   </div>
   <div class='ocr_carea' id='block_1_7' title="bbox 56 397 2137 404">
    <p class='ocr_par' dir='ltr' id='par_1_7' title="bbox 56 397 2137 404">
     <span class='ocr_line' id='line_1_7' title="bbox 56 397 2137 404; baseline 0 0"><span class='ocrx_word' id='word_1_13' title='bbox 56 397 2137 404; x_wconf 95' lang='lat' dir='ltr'> </span> 
     </span>
    </p>
   </div>
   <div class='ocr_carea' id='block_1_8' title="bbox 55 492 515 755">
    <p class='ocr_par' dir='ltr' id='par_1_8' title="bbox 55 492 515 755">
     <span class='ocr_line' id='line_1_8' title="bbox 55 492 514 525; baseline -0.004 0"><span class='ocrx_word' id='word_1_14' title='bbox 55 494 132 525; x_wconf 99' lang='lat'>1624</span> <span class='ocrx_word' id='word_1_15' title='bbox 156 494 187 525; x_wconf 85' lang='lat' dir='ltr'>C.</span> <span class='ocrx_word' id='word_1_16' title='bbox 211 492 245 524; x_wconf 92' lang='lat' dir='ltr'>in</span> <span class='ocrx_word' id='word_1_17' title='bbox 268 492 344 524; x_wconf 90' lang='lat' dir='ltr'>urbe</span> <span class='ocrx_word' id='word_1_18' title='bbox 368 492 400 524; x_wconf 77' lang='lat' dir='ltr'>S.</span> <span class='ocrx_word' id='word_1_19' title='bbox 425 492 514 524; x_wconf 82' lang='lat' dir='ltr'>Seba-</span> 
     </span>
     <span class='ocr_line' id='line_1_9' title="bbox 73 536 514 578; baseline -0.005 -9"><span class='ocrx_word' id='word_1_20' title='bbox 73 537 176 569; x_wconf 78' lang='lat' dir='ltr'>stiani.</span> <span class='ocrx_word' id='word_1_21' title='bbox 193 556 231 559; x_wconf 85' lang='lat'>——</span> <span class='ocrx_word' id='word_1_22' title='bbox 247 537 293 568; x_wconf 93' lang='lat'>16.</span> <span class='ocrx_word' id='word_1_23' title='bbox 311 536 400 568; x_wconf 84' lang='lat' dir='ltr'>Febr.</span> <span class='ocrx_word' id='word_1_24' title='bbox 419 536 439 578; x_wconf 89' lang='lat'><strong>†</strong></span> <span class='ocrx_word' id='word_1_25' title='bbox 454 536 514 567; x_wconf 72' lang='lat' dir='ltr'>Isa-</span> 
     </span>
     <span class='ocr_line' id='line_1_10' title="bbox 73 580 513 619; baseline -0.002 -6"><span class='ocrx_word' id='word_1_26' title='bbox 73 581 192 613; x_wconf 78' lang='lat' dir='ltr'>dovicas</span> <span class='ocrx_word' id='word_1_27' title='bbox 218 581 252 612; x_wconf 88' lang='lat' dir='ltr'>de</span> <span class='ocrx_word' id='word_1_28' title='bbox 280 581 382 619; x_wconf 84' lang='lat' dir='ltr'>Ponte,</span> <span class='ocrx_word' id='word_1_29' title='bbox 409 580 513 612; x_wconf 89' lang='lat' dir='ltr'>lumen</span> 
     </span>
     <span class='ocr_line' id='line_1_11' title="bbox 72 624 515 657; baseline -0.002 0"><span class='ocrx_word' id='word_1_30' title='bbox 72 625 243 657; x_wconf 68' lang='lat' dir='ltr'>Provincia-3</span> <span class='ocrx_word' id='word_1_31' title='bbox 263 624 453 657; x_wconf 83' lang='lat' dir='ltr'>Castellanae.</span> <span class='ocrx_word' id='word_1_32' title='bbox 476 644 515 647; x_wconf 88' lang='lat'><strong>—</strong></span> 
     </span>
     <span class='ocr_line' id='line_1_12' title="bbox 71 669 515 702; baseline -0.002 -1"><span class='ocrx_word' id='word_1_33' title='bbox 71 670 131 702; x_wconf 91' lang='lat' dir='ltr'>Per</span> <span class='ocrx_word' id='word_1_34' title='bbox 146 671 195 702; x_wconf 89' lang='lat' dir='ltr'>Pr.</span> <span class='ocrx_word' id='word_1_35' title='bbox 213 669 362 701; x_wconf 61' lang='lat' dir='ltr'>Baeticam</span> <span class='ocrx_word' id='word_1_36' title='bbox 378 669 418 701; x_wconf 89' lang='lat'>30</span> <span class='ocrx_word' id='word_1_37' title='bbox 433 669 515 701; x_wconf 87' lang='lat' dir='ltr'>Socii</span> 
     </span>
     <span class='ocr_line' id='line_1_13' title="bbox 76 714 512 755; baseline -0.002 -9"><span class='ocrx_word' id='word_1_38' title='bbox 76 724 177 746; x_wconf 88' lang='lat' dir='ltr'>sacras</span> <span class='ocrx_word' id='word_1_39' title='bbox 184 714 512 755; x_wconf 85' lang='lat' dir='ltr'>missionesperagunt.</span> 
     </span>
    </p>
   </div>
   <div class='ocr_carea' id='block_1_9' title="bbox 53 935 516 1145">
    <p class='ocr_par' dir='ltr' id='par_1_9' title="bbox 53 935 516 1145">
     <span class='ocr_line' id='line_1_14' title="bbox 53 935 515 977; baseline 0 -10"><span class='ocrx_word' id='word_1_40' title='bbox 53 936 130 967; x_wconf 90' lang='lat'>1625</span> <span class='ocrx_word' id='word_1_41' title='bbox 171 935 348 977; x_wconf 79' lang='lat' dir='ltr'>Stephanus</span> <span class='ocrx_word' id='word_1_42' title='bbox 390 935 515 967; x_wconf 87' lang='lat' dir='ltr'>Peralta</span> 
     </span>
     <span class='ocr_line' id='line_1_15' title="bbox 72 979 503 1021; baseline 0 -10"><span class='ocrx_word' id='word_1_43' title='bbox 72 980 133 1020; x_wconf 85' lang='lat' dir='ltr'>(Pr.</span> <span class='ocrx_word' id='word_1_44' title='bbox 172 979 366 1021; x_wconf 83' lang='lat' dir='ltr'>Castellanae)</span> <span class='ocrx_word' id='word_1_45' title='bbox 404 980 503 1011; x_wconf 88' lang='lat' dir='ltr'>turbis</span> 
     </span>
     <span class='ocr_line' id='line_1_16' title="bbox 71 1024 516 1066; baseline -0.002 -10"><span class='ocrx_word' id='word_1_46' title='bbox 71 1024 218 1066; x_wconf 88' lang='lat' dir='ltr'>gravibus</span> <span class='ocrx_word' id='word_1_47' title='bbox 232 1024 326 1056; x_wconf 86' lang='lat' dir='ltr'>motis</span> <span class='ocrx_word' id='word_1_48' title='bbox 340 1034 409 1056; x_wconf 90' lang='lat' dir='ltr'>cum</span> <span class='ocrx_word' id='word_1_49' title='bbox 424 1024 516 1056; x_wconf 84' lang='lat' dir='ltr'>venia</span> 
     </span>
     <span class='ocr_line' id='line_1_17' title="bbox 71 1068 514 1101; baseline 0 -1"><span class='ocrx_word' id='word_1_50' title='bbox 71 1068 229 1100; x_wconf 83' lang='lat' dir='ltr'>Generalis</span> <span class='ocrx_word' id='word_1_51' title='bbox 257 1069 371 1101; x_wconf 81' lang='lat' dir='ltr'>transit</span> <span class='ocrx_word' id='word_1_52' title='bbox 400 1069 439 1100; x_wconf 87' lang='lat' dir='ltr'>ad</span> <span class='ocrx_word' id='word_1_53' title='bbox 468 1069 514 1101; x_wconf 90' lang='lat' dir='ltr'>Ci-</span> 
     </span>
     <span class='ocr_line' id='line_1_18' title="bbox 71 1113 260 1145; baseline -0.005 0"><span class='ocrx_word' id='word_1_54' title='bbox 71 1113 260 1145; x_wconf 87' lang='lat' dir='ltr'>stercienses.</span> 
     </span>
    </p>
   </div>
   <div class='ocr_carea' id='block_1_10' title="bbox 53 1246 516 1377">
    <p class='ocr_par' dir='ltr' id='par_1_10' title="bbox 53 1246 516 1377">
     <span class='ocr_line' id='line_1_19' title="bbox 53 1246 514 1278; baseline 0 0"><span class='ocrx_word' id='word_1_55' title='bbox 53 1246 90 1278; x_wconf 92' lang='lat' dir='ltr'>In</span> <span class='ocrx_word' id='word_1_56' title='bbox 99 1246 246 1278; x_wconf 75' lang='lat' dir='ltr'>Sardinia</span> <span class='ocrx_word' id='word_1_57' title='bbox 254 1246 336 1278; x_wconf 89' lang='lat' dir='ltr'>Socii</span> <span class='ocrx_word' id='word_1_58' title='bbox 345 1246 514 1278; x_wconf 87' lang='lat' dir='ltr'>Calaritani</span> 
     </span>
     <span class='ocr_line' id='line_1_20' title="bbox 70 1290 516 1332; baseline 0 -10"><span class='ocrx_word' id='word_1_59' title='bbox 70 1290 228 1323; x_wconf 82' lang='lat' dir='ltr'>fructuose</span> <span class='ocrx_word' id='word_1_60' title='bbox 244 1291 277 1322; x_wconf 92' lang='lat' dir='ltr'>in</span> <span class='ocrx_word' id='word_1_61' title='bbox 295 1291 516 1332; x_wconf 88' lang='lat' dir='ltr'>circumposita</span> 
     </span>
     <span class='ocr_line' id='line_1_21' title="bbox 71 1335 367 1377; baseline 0 -10"><span class='ocrx_word' id='word_1_62' title='bbox 71 1335 193 1377; x_wconf 85' lang='lat' dir='ltr'>regione</span> <span class='ocrx_word' id='word_1_63' title='bbox 213 1335 367 1367; x_wconf 86' lang='lat' dir='ltr'>laborant.</span> 
     </span>
    </p>
   </div>
   <div class='ocr_carea' id='block_1_11' title="bbox 53 1468 514 1590">
    <p class='ocr_par' dir='ltr' id='par_1_11' title="bbox 53 1468 514 1590">
     <span class='ocr_line' id='line_1_22' title="bbox 53 1468 514 1510; baseline 0 -10"><span class='ocrx_word' id='word_1_64' title='bbox 53 1468 149 1500; x_wconf 87' lang='lat' dir='ltr'>Initia</span> <span class='ocrx_word' id='word_1_65' title='bbox 175 1468 377 1510; x_wconf 85' lang='lat' dir='ltr'>Collegiorum</span> <span class='ocrx_word' id='word_1_66' title='bbox 403 1468 514 1500; x_wconf 69' lang='lat' dir='ltr'>Sania-</span> 
     </span>
     <span class='ocr_line' id='line_1_23' title="bbox 72 1513 513 1552; baseline 0 -8"><span class='ocrx_word' id='word_1_67' title='bbox 72 1513 211 1552; x_wconf 75' lang='lat' dir='ltr'>carensis,</span> <span class='ocrx_word' id='word_1_68' title='bbox 222 1513 261 1544; x_wconf 90' lang='lat' dir='ltr'><em>M</em></span> <span class='ocrx_word' id='word_1_69' title='bbox 262 1513 424 1551; x_wconf 77' lang='lat' dir='ltr'>oronensis,</span> <span class='ocrx_word' id='word_1_70' title='bbox 438 1513 513 1544; x_wconf 86' lang='lat' dir='ltr'>Bae-</span> 
     </span>
     <span class='ocr_line' id='line_1_24' title="bbox 70 1567 150 1590; baseline 0.025 -2"><span class='ocrx_word' id='word_1_71' title='bbox 70 1567 150 1590; x_wconf 79' lang='lat' dir='ltr'>eani.</span> 
     </span>
    </p>
   </div>
   <div class='ocr_carea' id='block_1_12' title="bbox 53 1690 515 1910">
    <p class='ocr_par' dir='ltr' id='par_1_12' title="bbox 53 1690 515 1723">
     <span class='ocr_line' id='line_1_25' title="bbox 53 1690 515 1723; baseline 0 -1"><span class='ocrx_word' id='word_1_72' title='bbox 53 1691 130 1723; x_wconf 90' lang='lat'>1626</span> <span class='ocrx_word' id='word_1_73' title='bbox 143 1690 244 1722; x_wconf 84' lang='lat' dir='ltr'>Atrox</span> <span class='ocrx_word' id='word_1_74' title='bbox 258 1690 419 1722; x_wconf 84' lang='lat' dir='ltr'>dissidium</span> <span class='ocrx_word' id='word_1_75' title='bbox 433 1691 515 1723; x_wconf 90' lang='lat' dir='ltr'>inter</span> 
     </span>
    </p>

    <p class='ocr_par' dir='ltr' id='par_1_13' title="bbox 72 1735 515 1910">
     <span class='ocr_line' id='line_1_26' title="bbox 73 1735 515 1777; baseline 0 -10"><span class='ocrx_word' id='word_1_76' title='bbox 73 1735 154 1767; x_wconf 85' lang='lat' dir='ltr'>cives</span> <span class='ocrx_word' id='word_1_77' title='bbox 204 1735 366 1777; x_wconf 81' lang='lat' dir='ltr'>cujusdam</span> <span class='ocrx_word' id='word_1_78' title='bbox 409 1735 515 1777; x_wconf 86' lang='lat' dir='ltr'>oppidi</span> 
     </span>
     <span class='ocr_line' id='line_1_27' title="bbox 73 1779 513 1821; baseline 0 -10"><span class='ocrx_word' id='word_1_79' title='bbox 73 1779 161 1812; x_wconf 84' lang='lat' dir='ltr'>dioec.</span> <span class='ocrx_word' id='word_1_80' title='bbox 188 1779 438 1821; x_wconf 89' lang='lat' dir='ltr'>Ulyssiponensis</span> <span class='ocrx_word' id='word_1_81' title='bbox 459 1790 478 1812; x_wconf 86' lang='lat' dir='ltr'>a</span> <span class='ocrx_word' id='word_1_82' title='bbox 496 1780 513 1811; x_wconf 89' lang='lat'><strong>3</strong></span> 
     </span>
     <span class='ocr_line' id='line_1_28' title="bbox 72 1824 513 1865; baseline 0.002 -10"><span class='ocrx_word' id='word_1_83' title='bbox 72 1824 200 1856; x_wconf 87' lang='lat' dir='ltr'>novitiis</span> <span class='ocrx_word' id='word_1_84' title='bbox 245 1824 513 1865; x_wconf 80' lang='lat' dir='ltr'>peregrinantibus</span> 
     </span>
     <span class='ocr_line' id='line_1_29' title="bbox 73 1868 277 1910; baseline 0 -10"><span class='ocrx_word' id='word_1_85' title='bbox 73 1868 277 1910; x_wconf 83' lang='lat' dir='ltr'>componitur.</span> 
     </span>
    </p>
   </div>
   <div class='ocr_carea' id='block_1_13' title="bbox 53 2046 533 2262">
    <p class='ocr_par' dir='ltr' id='par_1_14' title="bbox 53 2046 533 2262">
     <span class='ocr_line' id='line_1_30' title="bbox 53 2046 515 2078; baseline 0 0"><span class='ocrx_word' id='word_1_86' title='bbox 53 2047 130 2078; x_wconf 86' lang='lat'>1627</span> <span class='ocrx_word' id='word_1_87' title='bbox 156 2046 400 2078; x_wconf 89' lang='lat' dir='ltr'>Commoventur</span> <span class='ocrx_word' id='word_1_88' title='bbox 423 2046 515 2078; x_wconf 88' lang='lat' dir='ltr'>multi</span> 
     </span>
     <span class='ocr_line' id='line_1_31' title="bbox 72 2090 515 2123; baseline 0 -1"><span class='ocrx_word' id='word_1_89' title='bbox 72 2094 182 2122; x_wconf 89' lang='lat' dir='ltr'>contra</span> <span class='ocrx_word' id='word_1_90' title='bbox 198 2090 302 2123; x_wconf 87' lang='lat' dir='ltr'>Socios</span> <span class='ocrx_word' id='word_1_91' title='bbox 320 2091 359 2122; x_wconf 89' lang='lat' dir='ltr'>ob</span> <span class='ocrx_word' id='word_1_92' title='bbox 378 2091 515 2123; x_wconf 85' lang='lat' dir='ltr'>excitan-</span> 
     </span>
     <span class='ocr_line' id='line_1_32' title="bbox 73 2135 512 2167; baseline 0.002 -1"><span class='ocrx_word' id='word_1_93' title='bbox 73 2135 146 2167; x_wconf 87' lang='lat' dir='ltr'>dam</span> <span class='ocrx_word' id='word_1_94' title='bbox 163 2135 286 2167; x_wconf 76' lang='lat' dir='ltr'>Matriti</span> <span class='ocrx_word' id='word_1_95' title='bbox 302 2135 512 2167; x_wconf 87' lang='lat' dir='ltr'>Academiam.</span> 
     </span>
     <span class='ocr_line' id='line_1_33' title="bbox 72 2172 533 2212; baseline 0 -1"><span class='ocrx_word' id='word_1_96' title='bbox 72 2198 111 2202; x_wconf 82' lang='lat'>—</span> <span class='ocrx_word' id='word_1_97' title='bbox 127 2179 250 2211; x_wconf 81' lang='lat' dir='ltr'>Sassari</span> <span class='ocrx_word' id='word_1_98' title='bbox 266 2180 299 2211; x_wconf 88' lang='lat' dir='ltr'>in</span> <span class='ocrx_word' id='word_1_99' title='bbox 316 2180 460 2212; x_wconf 80' lang='lat' dir='ltr'>Sardinia</span> <span class='ocrx_word' id='word_1_100' title='bbox 476 2172 533 2212; x_wconf 69' lang='lat' dir='ltr'>fit!</span> 
     </span>
     <span class='ocr_line' id='line_1_34' title="bbox 72 2226 145 2262; baseline 0 -7"><span class='ocrx_word' id='word_1_101' title='bbox 72 2226 145 2262; x_wconf 86' lang='lat' dir='ltr'>Dpr.</span> 
     </span>
    </p>
   </div>
   <div class='ocr_carea' id='block_1_14' title="bbox 550 447 1000 480">
    <p class='ocr_par' dir='ltr' id='par_1_15' title="bbox 550 447 1000 480">
     <span class='ocr_line' id='line_1_35' title="bbox 550 447 1000 480; baseline 0 -1"><span class='ocrx_word' id='word_1_102' title='bbox 550 448 626 479; x_wconf 90' lang='lat'>1622</span> <span class='ocrx_word' id='word_1_103' title='bbox 647 447 847 480; x_wconf 84' lang='lat' dir='ltr'>Postulatum</span> <span class='ocrx_word' id='word_1_104' title='bbox 868 448 1000 480; x_wconf 86' lang='lat' dir='ltr'>Bethlen</span> 
     </span>
    </p>
   </div>
   <div class='ocr_carea' id='block_1_15' title="bbox 569 491 2137 621">
    <p class='ocr_par' dir='ltr' id='par_1_16' title="bbox 569 491 2137 621">
     <span class='ocr_line' id='line_1_36' title="bbox 569 491 2137 534; baseline 0.001 -11"><span class='ocrx_word' id='word_1_105' title='bbox 569 491 709 531; x_wconf 87' lang='lat' dir='ltr'>Gaboris,</span> <span class='ocrx_word' id='word_1_106' title='bbox 731 495 768 523; x_wconf 89' lang='lat' dir='ltr'>ut</span> <span class='ocrx_word' id='word_1_107' title='bbox 786 492 819 524; x_wconf 91' lang='lat' dir='ltr'>in</span> <span class='ocrx_word' id='word_1_108' title='bbox 840 492 1002 534; x_wconf 85' lang='lat' dir='ltr'>Hungaria</span> <span class='ocrx_word' id='word_1_109' title='bbox 1033 492 1110 523; x_wconf 88' lang='lat'>1625</span> <span class='ocrx_word' id='word_1_110' title='bbox 1147 491 1270 523; x_wconf 90' lang='lat' dir='ltr'>Poloni:</span> <span class='ocrx_word' id='word_1_111' title='bbox 1298 491 1481 530; x_wconf 77' lang='lat' dir='ltr'>Rudemina,</span> <span class='ocrx_word' id='word_1_112' title='bbox 1519 493 1595 524; x_wconf 87' lang='lat'>1625</span> <span class='ocrx_word' id='word_1_113' title='bbox 1603 491 1718 524; x_wconf 86' lang='lat' dir='ltr'>Felices</span> <span class='ocrx_word' id='word_1_114' title='bbox 1735 501 1890 524; x_wconf 85' lang='lat' dir='ltr'>successus</span> <span class='ocrx_word' id='word_1_115' title='bbox 1910 491 1942 523; x_wconf 92' lang='lat' dir='ltr'>in</span> <span class='ocrx_word' id='word_1_116' title='bbox 1956 492 2085 524; x_wconf 76' lang='lat' dir='ltr'>Oriente:</span> <span class='ocrx_word' id='word_1_117' title='bbox 2104 492 2137 524; x_wconf 93' lang='lat' dir='ltr'>in</span> 
     </span>
     <span class='ocr_line' id='line_1_37' title="bbox 569 535 2136 577; baseline 0.001 -10"><span class='ocrx_word' id='word_1_118' title='bbox 569 536 698 568; x_wconf 79' lang='lat' dir='ltr'>Jesuitae</span> <span class='ocrx_word' id='word_1_119' title='bbox 727 546 789 568; x_wconf 90' lang='lat' dir='ltr'>non</span> <span class='ocrx_word' id='word_1_120' title='bbox 819 536 998 573; x_wconf 78' lang='lat' dir='ltr'>tolerentur,</span> <span class='ocrx_word' id='word_1_121' title='bbox 1052 536 1249 577; x_wconf 69' lang='lat' dir='ltr'>Smoquloeki,</span> <span class='ocrx_word' id='word_1_122' title='bbox 1271 536 1367 568; x_wconf 83' lang='lat' dir='ltr'>Mich.</span> <span class='ocrx_word' id='word_1_123' title='bbox 1386 535 1483 577; x_wconf 76' lang='lat' dir='ltr'>Boyrn</span> <span class='ocrx_word' id='word_1_124' title='bbox 1536 536 1711 577; x_wconf 71' lang='lat' dir='ltr'>Minyrelia,</span> <span class='ocrx_word' id='word_1_125' title='bbox 1740 536 1959 577; x_wconf 60' lang='lat' dir='ltr'>Paphlagonia,</span> <span class='ocrx_word' id='word_1_126' title='bbox 1986 536 2136 568; x_wconf 79' lang='lat' dir='ltr'>Chaldoea.</span> 
     </span>
     <span class='ocr_line' id='line_1_38' title="bbox 569 580 1213 621; baseline 0 -10"><span class='ocrx_word' id='word_1_127' title='bbox 569 580 790 612; x_wconf 86' lang='lat' dir='ltr'>aFerdinando</span> <span class='ocrx_word' id='word_1_128' title='bbox 799 581 839 612; x_wconf 92' lang='lat' dir='ltr'>II.</span> <span class='ocrx_word' id='word_1_129' title='bbox 852 580 998 621; x_wconf 83' lang='lat' dir='ltr'>rejicitur.</span> <span class='ocrx_word' id='word_1_130' title='bbox 1051 581 1083 612; x_wconf 89' lang='lat' dir='ltr'>in</span> <span class='ocrx_word' id='word_1_131' title='bbox 1105 580 1213 612; x_wconf 84' lang='lat' dir='ltr'>China.</span> 
     </span>
    </p>
   </div>
   <div class='ocr_carea' id='block_1_16' title="bbox 551 713 1000 745">
    <p class='ocr_par' dir='ltr' id='par_1_17' title="bbox 551 713 1000 745">
     <span class='ocr_line' id='line_1_39' title="bbox 551 713 1000 745; baseline 0.002 -1"><span class='ocrx_word' id='word_1_132' title='bbox 551 714 627 744; x_wconf 92' lang='lat'>1623</span> <span class='ocrx_word' id='word_1_133' title='bbox 648 713 763 745; x_wconf 87' lang='lat' dir='ltr'>Omnes</span> <span class='ocrx_word' id='word_1_134' title='bbox 784 713 866 745; x_wconf 88' lang='lat' dir='ltr'>cives</span> <span class='ocrx_word' id='word_1_135' title='bbox 889 713 1000 745; x_wconf 64' lang='lat' dir='ltr'>Padar-</span> 
     </span>
    </p>
   </div>
   <div class='ocr_carea' id='block_1_17' title="bbox 569 757 1000 834">
    <p class='ocr_par' dir='ltr' id='par_1_18' title="bbox 569 757 1000 834">
     <span class='ocr_line' id='line_1_40' title="bbox 569 757 1000 790; baseline 0 -1"><span class='ocrx_word' id='word_1_136' title='bbox 569 757 723 789; x_wconf 83' lang='lat' dir='ltr'>bornenses</span> <span class='ocrx_word' id='word_1_137' title='bbox 760 758 874 790; x_wconf 88' lang='lat' dir='ltr'>iterum</span> <span class='ocrx_word' id='word_1_138' title='bbox 912 761 1000 789; x_wconf 87' lang='lat' dir='ltr'>erant</span> 
     </span>
     <span class='ocr_line' id='line_1_41' title="bbox 570 802 722 834; baseline 0 -1"><span class='ocrx_word' id='word_1_139' title='bbox 570 802 722 834; x_wconf 77' lang='lat' dir='ltr'>catholici.</span> 
     </span>
    </p>
   </div>
   <div class='ocr_carea' id='block_1_18' title="bbox 1536 580 2139 796">
    <p class='ocr_par' dir='ltr' id='par_1_19' title="bbox 1536 580 2139 796">
     <span class='ocr_line' id='line_1_42' title="bbox 1536 580 2139 622; baseline 0 -10"><span class='ocrx_word' id='word_1_140' title='bbox 1536 580 1792 622; x_wconf 84' lang='lat' dir='ltr'>Archiepiscopus</span> <span class='ocrx_word' id='word_1_141' title='bbox 1813 580 2000 622; x_wconf 84' lang='lat' dir='ltr'>Gangrensis</span> <span class='ocrx_word' id='word_1_142' title='bbox 2028 580 2139 622; x_wconf 88' lang='lat' dir='ltr'>incipit</span> 
     </span>
     <span class='ocr_line' id='line_1_43' title="bbox 1538 624 2138 666; baseline 0 -10"><span class='ocrx_word' id='word_1_143' title='bbox 1538 629 1673 657; x_wconf 84' lang='lat' dir='ltr'>tractare</span> <span class='ocrx_word' id='word_1_144' title='bbox 1685 635 1755 656; x_wconf 90' lang='lat' dir='ltr'>cum</span> <span class='ocrx_word' id='word_1_145' title='bbox 1768 625 1878 656; x_wconf 87' lang='lat' dir='ltr'>Roma.</span> <span class='ocrx_word' id='word_1_146' title='bbox 1908 624 2040 666; x_wconf 84' lang='lat' dir='ltr'>Aliquot</span> <span class='ocrx_word' id='word_1_147' title='bbox 2049 625 2138 656; x_wconf 88' lang='lat' dir='ltr'>Jesu-</span> 
     </span>
     <span class='ocr_line' id='line_1_44' title="bbox 1536 669 2138 710; baseline 0 -10"><span class='ocrx_word' id='word_1_148' title='bbox 1536 670 1589 701; x_wconf 86' lang='lat' dir='ltr'>itae</span> <span class='ocrx_word' id='word_1_149' title='bbox 1612 669 1757 701; x_wconf 87' lang='lat' dir='ltr'>laborant</span> <span class='ocrx_word' id='word_1_150' title='bbox 1779 669 1812 700; x_wconf 90' lang='lat' dir='ltr'>in</span> <span class='ocrx_word' id='word_1_151' title='bbox 1835 669 1947 701; x_wconf 77' lang='lat' dir='ltr'>insulis</span> <span class='ocrx_word' id='word_1_152' title='bbox 1969 669 2081 710; x_wconf 79' lang='lat' dir='ltr'>9raecis,</span> <span class='ocrx_word' id='word_1_153' title='bbox 2106 669 2138 700; x_wconf 92' lang='lat' dir='ltr'>in</span> 
     </span>
     <span class='ocr_line' id='line_1_45' title="bbox 1540 713 2139 752; baseline -0.002 -7"><span class='ocrx_word' id='word_1_154' title='bbox 1540 714 1656 751; x_wconf 84' lang='lat' dir='ltr'>Persia,</span> <span class='ocrx_word' id='word_1_155' title='bbox 1680 713 1836 752; x_wconf 79' lang='lat' dir='ltr'>Armenia,</span> <span class='ocrx_word' id='word_1_156' title='bbox 1865 713 2029 751; x_wconf 78' lang='lat' dir='ltr'>Thessalia,</span> <span class='ocrx_word' id='word_1_157' title='bbox 2054 713 2139 744; x_wconf 83' lang='lat' dir='ltr'>Ana-</span> 
     </span>
     <span class='ocr_line' id='line_1_46' title="bbox 1538 758 1820 796; baseline 0 -7"><span class='ocrx_word' id='word_1_158' title='bbox 1538 758 1618 796; x_wconf 79' lang='lat' dir='ltr'>tolia,</span> <span class='ocrx_word' id='word_1_159' title='bbox 1646 758 1820 789; x_wconf 83' lang='lat' dir='ltr'>Paloestina.</span> 
     </span>
    </p>
   </div>
   <div class='ocr_carea' id='block_1_19' title="bbox 550 934 2140 976">
    <p class='ocr_par' dir='ltr' id='par_1_20' title="bbox 550 934 2140 976">
     <span class='ocr_line' id='line_1_47' title="bbox 550 934 2140 976; baseline -0.001 -10"><span class='ocrx_word' id='word_1_160' title='bbox 550 935 626 966; x_wconf 87' lang='lat'>1623</span> <span class='ocrx_word' id='word_1_161' title='bbox 675 936 706 967; x_wconf 83' lang='lat' dir='ltr'>C.</span> <span class='ocrx_word' id='word_1_162' title='bbox 754 934 999 966; x_wconf 84' lang='lat' dir='ltr'>Pazmanianum</span> <span class='ocrx_word' id='word_1_163' title='bbox 1034 934 1071 965; x_wconf 92' lang='lat' dir='ltr'>In</span> <span class='ocrx_word' id='word_1_164' title='bbox 1097 934 1211 975; x_wconf 70' lang='lat' dir='ltr'>Anylia</span> <span class='ocrx_word' id='word_1_165' title='bbox 1237 934 1294 966; x_wconf 88' lang='lat' dir='ltr'>sub</span> <span class='ocrx_word' id='word_1_166' title='bbox 1322 934 1429 966; x_wconf 85' lang='lat' dir='ltr'>Carolo</span> <span class='ocrx_word' id='word_1_167' title='bbox 1458 935 1481 966; x_wconf 94' lang='lat' dir='ltr'>I.</span> <span class='ocrx_word' id='word_1_168' title='bbox 1520 936 1714 967; x_wconf 82' lang='lat'>1626—1638</span> <span class='ocrx_word' id='word_1_169' title='bbox 1735 935 1914 967; x_wconf 89' lang='lat' dir='ltr'>Decertatio</span> <span class='ocrx_word' id='word_1_170' title='bbox 1935 945 2005 966; x_wconf 89' lang='lat' dir='ltr'>cum</span> <span class='ocrx_word' id='word_1_171' title='bbox 2026 934 2140 976; x_wconf 83' lang='lat' dir='ltr'>Cyrillo</span> 
     </span>
    </p>
   </div>
   <div class='ocr_carea' id='block_1_20' title="bbox 548 979 1002 1322">
    <p class='ocr_par' dir='ltr' id='par_1_21' title="bbox 567 979 1002 1242">
     <span class='ocr_line' id='line_1_48' title="bbox 568 979 1000 1019; baseline 0 -9"><span class='ocrx_word' id='word_1_172' title='bbox 568 979 704 1011; x_wconf 83' lang='lat' dir='ltr'>Viennae.</span> <span class='ocrx_word' id='word_1_173' title='bbox 716 998 754 1001; x_wconf 97' lang='lat'><strong>—</strong></span> <span class='ocrx_word' id='word_1_174' title='bbox 766 979 802 1010; x_wconf 92' lang='lat' dir='ltr'>In</span> <span class='ocrx_word' id='word_1_175' title='bbox 813 979 914 1011; x_wconf 87' lang='lat' dir='ltr'>Germ.</span> <span class='ocrx_word' id='word_1_176' title='bbox 926 979 1000 1019; x_wconf 89' lang='lat' dir='ltr'>Sup.</span> 
     </span>
     <span class='ocr_line' id='line_1_49' title="bbox 569 1023 999 1055; baseline 0 -1"><span class='ocrx_word' id='word_1_177' title='bbox 569 1027 795 1055; x_wconf 88' lang='lat' dir='ltr'>convertuntur</span> <span class='ocrx_word' id='word_1_178' title='bbox 812 1024 890 1055; x_wconf 90' lang='lat'>1460</span> <span class='ocrx_word' id='word_1_179' title='bbox 906 1023 999 1055; x_wconf 79' lang='lat' dir='ltr'>haere-</span> 
     </span>
     <span class='ocr_line' id='line_1_50' title="bbox 569 1068 1002 1099; baseline -0.002 0"><span class='ocrx_word' id='word_1_180' title='bbox 569 1068 631 1099; x_wconf 86' lang='lat' dir='ltr'>tici.</span> <span class='ocrx_word' id='word_1_181' title='bbox 639 1087 677 1089; x_wconf 97' lang='lat'><strong>—</strong></span> <span class='ocrx_word' id='word_1_182' title='bbox 685 1068 730 1099; x_wconf 88' lang='lat'>15.</span> <span class='ocrx_word' id='word_1_183' title='bbox 743 1068 764 1099; x_wconf 87' lang='lat' dir='ltr'>J</span> <span class='ocrx_word' id='word_1_184' title='bbox 766 1078 816 1099; x_wconf 93' lang='lat' dir='ltr'>un.</span> <span class='ocrx_word' id='word_1_185' title='bbox 828 1069 1002 1098; x_wconf 85' lang='lat' dir='ltr'>Leonardus</span> 
     </span>
     <span class='ocr_line' id='line_1_51' title="bbox 568 1112 1000 1153; baseline 0 -10"><span class='ocrx_word' id='word_1_186' title='bbox 568 1114 688 1143; x_wconf 86' lang='lat' dir='ltr'>Lessius</span> <span class='ocrx_word' id='word_1_187' title='bbox 726 1112 745 1153; x_wconf 90' lang='lat'>†</span> <span class='ocrx_word' id='word_1_188' title='bbox 782 1112 923 1144; x_wconf 87' lang='lat' dir='ltr'>Lovanii.</span> <span class='ocrx_word' id='word_1_189' title='bbox 962 1131 1000 1134; x_wconf 47' lang='grc' dir='ltr'><strong>ψ</strong></span> 
     </span>
     <span class='ocr_line' id='line_1_52' title="bbox 569 1156 999 1197; baseline -0.002 -9"><span class='ocrx_word' id='word_1_190' title='bbox 569 1157 616 1188; x_wconf 89' lang='lat'>23.</span> <span class='ocrx_word' id='word_1_191' title='bbox 633 1156 718 1197; x_wconf 87' lang='lat' dir='ltr'>Sept.</span> <span class='ocrx_word' id='word_1_192' title='bbox 737 1156 882 1188; x_wconf 83' lang='lat' dir='ltr'>Bohemia</span> <span class='ocrx_word' id='word_1_193' title='bbox 896 1156 937 1188; x_wconf 85' lang='lat' dir='ltr'>fit</span> <span class='ocrx_word' id='word_1_194' title='bbox 951 1158 999 1188; x_wconf 86' lang='lat' dir='ltr'>Pr.</span> 
     </span>
     <span class='ocr_line' id='line_1_53' title="bbox 567 1200 788 1242; baseline 0 -10"><span class='ocrx_word' id='word_1_195' title='bbox 567 1200 788 1242; x_wconf 88' lang='lat' dir='ltr'>independens.</span> 
     </span>
    </p>

    <p class='ocr_par' dir='ltr' id='par_1_22' title="bbox 548 1244 1000 1322">
     <span class='ocr_line' id='line_1_54' title="bbox 548 1244 1000 1277; baseline 0.002 -1"><span class='ocrx_word' id='word_1_196' title='bbox 548 1264 587 1268; x_wconf 89' lang='lat'><strong>—</strong></span> <span class='ocrx_word' id='word_1_197' title='bbox 615 1245 651 1276; x_wconf 94' lang='lat' dir='ltr'>In</span> <span class='ocrx_word' id='word_1_198' title='bbox 677 1244 827 1277; x_wconf 84' lang='lat' dir='ltr'>Flandria</span> <span class='ocrx_word' id='word_1_199' title='bbox 852 1245 1000 1277; x_wconf 89' lang='lat' dir='ltr'>Societati</span> 
     </span>
     <span class='ocr_line' id='line_1_55' title="bbox 569 1289 989 1322; baseline 0 -1"><span class='ocrx_word' id='word_1_200' title='bbox 569 1289 778 1322; x_wconf 81' lang='lat' dir='ltr'>committitur</span> <span class='ocrx_word' id='word_1_201' title='bbox 799 1292 841 1322; x_wconf 89' lang='grc' dir='ltr'>Μ.</span> <span class='ocrx_word' id='word_1_202' title='bbox 863 1290 989 1321; x_wconf 80' lang='lat' dir='ltr'>navalis.</span> 
     </span>
    </p>
   </div>
   <div class='ocr_carea' id='block_1_21' title="bbox 550 1467 1001 1686">
    <p class='ocr_par' dir='ltr' id='par_1_23' title="bbox 550 1467 1001 1686">
     <span class='ocr_line' id='line_1_56' title="bbox 550 1467 1001 1499; baseline -0.002 0"><span class='ocrx_word' id='word_1_203' title='bbox 550 1468 627 1499; x_wconf 89' lang='lat'>1624</span> <span class='ocrx_word' id='word_1_204' title='bbox 655 1468 714 1499; x_wconf 89' lang='lat' dir='ltr'>Per</span> <span class='ocrx_word' id='word_1_205' title='bbox 743 1467 880 1499; x_wconf 86' lang='lat' dir='ltr'>Jesuitas</span> <span class='ocrx_word' id='word_1_206' title='bbox 910 1467 1001 1499; x_wconf 87' lang='lat' dir='ltr'>multi</span> 
     </span>
     <span class='ocr_line' id='line_1_57' title="bbox 567 1512 1001 1544; baseline 0 -1"><span class='ocrx_word' id='word_1_207' title='bbox 567 1512 705 1544; x_wconf 85' lang='lat' dir='ltr'>haeretici</span> <span class='ocrx_word' id='word_1_208' title='bbox 721 1512 753 1543; x_wconf 90' lang='lat' dir='ltr'>in</span> <span class='ocrx_word' id='word_1_209' title='bbox 771 1512 897 1543; x_wconf 80' lang='lat' dir='ltr'>Austria</span> <span class='ocrx_word' id='word_1_210' title='bbox 912 1512 1001 1544; x_wconf 88' lang='lat' dir='ltr'>redu-</span> 
     </span>
     <span class='ocr_line' id='line_1_58' title="bbox 569 1556 1000 1594; baseline 0 -7"><span class='ocrx_word' id='word_1_211' title='bbox 569 1560 696 1594; x_wconf 87' lang='lat' dir='ltr'>cuntur;</span> <span class='ocrx_word' id='word_1_212' title='bbox 726 1556 757 1587; x_wconf 87' lang='lat' dir='ltr'>in</span> <span class='ocrx_word' id='word_1_213' title='bbox 789 1556 932 1588; x_wconf 83' lang='lat' dir='ltr'>Bohemia</span> <span class='ocrx_word' id='word_1_214' title='bbox 961 1557 1000 1588; x_wconf 89' lang='lat' dir='ltr'>ad</span> 
     </span>
     <span class='ocr_line' id='line_1_59' title="bbox 571 1601 1001 1641; baseline 0 -9"><span class='ocrx_word' id='word_1_215' title='bbox 571 1601 687 1633; x_wconf 77' lang='grc'>16000.</span> <span class='ocrx_word' id='word_1_216' title='bbox 701 1620 739 1622; x_wconf 91' lang='grc'>-</span> <span class='ocrx_word' id='word_1_217' title='bbox 750 1602 780 1633; x_wconf 87' lang='lat' dir='ltr'>C.</span> <span class='ocrx_word' id='word_1_218' title='bbox 790 1601 808 1632; x_wconf 93' lang='lat' dir='ltr'>I</span> <span class='ocrx_word' id='word_1_219' title='bbox 808 1601 956 1641; x_wconf 74' lang='lat' dir='ltr'>qlaviense</span> <span class='ocrx_word' id='word_1_220' title='bbox 970 1605 1001 1632; x_wconf 83' lang='lat' dir='ltr'>ct</span> 
     </span>
     <span class='ocr_line' id='line_1_60' title="bbox 569 1645 764 1686; baseline 0.005 -10"><span class='ocrx_word' id='word_1_221' title='bbox 569 1645 764 1686; x_wconf 76' lang='lat' dir='ltr'>Znoymense.</span> 
     </span>
    </p>
   </div>
   <div class='ocr_carea' id='block_1_22' title="bbox 550 1778 1001 1954">
    <p class='ocr_par' dir='ltr' id='par_1_24' title="bbox 550 1778 1001 1954">
     <span class='ocr_line' id='line_1_61' title="bbox 550 1778 1001 1819; baseline 0 -9"><span class='ocrx_word' id='word_1_222' title='bbox 550 1779 626 1810; x_wconf 88' lang='lat'>1624</span> <span class='ocrx_word' id='word_1_223' title='bbox 637 1798 675 1801; x_wconf 88' lang='lat'>—</span> <span class='ocrx_word' id='word_1_224' title='bbox 691 1779 767 1810; x_wconf 90' lang='lat'>1626</span> <span class='ocrx_word' id='word_1_225' title='bbox 792 1778 875 1810; x_wconf 88' lang='lat' dir='ltr'>Socii</span> <span class='ocrx_word' id='word_1_226' title='bbox 888 1778 920 1809; x_wconf 91' lang='lat' dir='ltr'>in</span> <span class='ocrx_word' id='word_1_227' title='bbox 934 1779 1001 1819; x_wconf 86' lang='lat' dir='ltr'>plu-</span> 
     </span>
     <span class='ocr_line' id='line_1_62' title="bbox 568 1823 1001 1855; baseline -0.002 0"><span class='ocrx_word' id='word_1_228' title='bbox 568 1823 653 1855; x_wconf 88' lang='lat' dir='ltr'>rimis</span> <span class='ocrx_word' id='word_1_229' title='bbox 675 1823 749 1855; x_wconf 88' lang='lat' dir='ltr'>locis</span> <span class='ocrx_word' id='word_1_230' title='bbox 771 1823 910 1855; x_wconf 86' lang='lat' dir='ltr'>dioecesis</span> <span class='ocrx_word' id='word_1_231' title='bbox 933 1823 1001 1854; x_wconf 85' lang='lat' dir='ltr'>Mo-</span> 
     </span>
     <span class='ocr_line' id='line_1_63' title="bbox 568 1867 1001 1899; baseline -0.002 0"><span class='ocrx_word' id='word_1_232' title='bbox 568 1867 760 1899; x_wconf 83' lang='lat' dir='ltr'>nasteriensis</span> <span class='ocrx_word' id='word_1_233' title='bbox 773 1867 945 1899; x_wconf 85' lang='lat' dir='ltr'>restituunt</span> <span class='ocrx_word' id='word_1_234' title='bbox 956 1878 1001 1899; x_wconf 89' lang='lat' dir='ltr'>re-</span> 
     </span>
     <span class='ocr_line' id='line_1_64' title="bbox 567 1911 929 1954; baseline 0 -11"><span class='ocrx_word' id='word_1_235' title='bbox 567 1912 712 1954; x_wconf 84' lang='lat' dir='ltr'>ligionem</span> <span class='ocrx_word' id='word_1_236' title='bbox 734 1911 929 1944; x_wconf 85' lang='lat' dir='ltr'>catholicam.</span> 
     </span>
    </p>
   </div>
   <div class='ocr_carea' id='block_1_23' title="bbox 550 2000 1002 2353">
    <p class='ocr_par' dir='ltr' id='par_1_25' title="bbox 550 2000 1002 2353">
     <span class='ocr_line' id='line_1_65' title="bbox 550 2000 1001 2038; baseline -0.002 -5"><span class='ocrx_word' id='word_1_237' title='bbox 550 2002 627 2033; x_wconf 89' lang='lat'>1625</span> <span class='ocrx_word' id='word_1_238' title='bbox 649 2003 722 2038; x_wconf 87' lang='lat' dir='ltr'>Dpr.</span> <span class='ocrx_word' id='word_1_239' title='bbox 749 2000 938 2032; x_wconf 74' lang='lat' dir='ltr'>Viennensis.</span> <span class='ocrx_word' id='word_1_240' title='bbox 963 2020 1001 2023; x_wconf 84' lang='lat'>——</span> 
     </span>
     <span class='ocr_line' id='line_1_66' title="bbox 571 2045 1001 2087; baseline 0 -10"><span class='ocrx_word' id='word_1_241' title='bbox 571 2046 607 2077; x_wconf 92' lang='lat' dir='ltr'>In</span> <span class='ocrx_word' id='word_1_242' title='bbox 634 2045 779 2077; x_wconf 84' lang='lat' dir='ltr'>Bohemia</span> <span class='ocrx_word' id='word_1_243' title='bbox 802 2045 890 2086; x_wconf 84' lang='lat' dir='ltr'>aegris</span> <span class='ocrx_word' id='word_1_244' title='bbox 915 2049 1001 2087; x_wconf 82' lang='lat' dir='ltr'>peste</span> 
     </span>
     <span class='ocr_line' id='line_1_67' title="bbox 568 2090 1000 2131; baseline -0.002 -9"><span class='ocrx_word' id='word_1_245' title='bbox 568 2090 743 2122; x_wconf 86' lang='lat' dir='ltr'>inserviunt</span> <span class='ocrx_word' id='word_1_246' title='bbox 759 2090 850 2128; x_wconf 86' lang='lat' dir='ltr'>Socii,</span> <span class='ocrx_word' id='word_1_247' title='bbox 870 2100 1000 2131; x_wconf 89' lang='lat' dir='ltr'>quorum</span> 
     </span>
     <span class='ocr_line' id='line_1_68' title="bbox 570 2134 1001 2166; baseline 0 0"><span class='ocrx_word' id='word_1_248' title='bbox 570 2136 606 2166; x_wconf 91' lang='lat'>12</span> <span class='ocrx_word' id='word_1_249' title='bbox 627 2134 760 2166; x_wconf 86' lang='lat' dir='ltr'>extincti</span> <span class='ocrx_word' id='word_1_250' title='bbox 780 2138 862 2166; x_wconf 82' lang='lat' dir='ltr'>sunt.</span> <span class='ocrx_word' id='word_1_251' title='bbox 883 2153 922 2156; x_wconf 90' lang='lat'>—</span> <span class='ocrx_word' id='word_1_252' title='bbox 943 2135 1001 2166; x_wconf 89' lang='lat' dir='ltr'>Re-</span> 
     </span>
     <span class='ocr_line' id='line_1_69' title="bbox 569 2178 1001 2220; baseline -0.002 -9"><span class='ocrx_word' id='word_1_253' title='bbox 569 2179 656 2211; x_wconf 90' lang='lat' dir='ltr'>ducti</span> <span class='ocrx_word' id='word_1_254' title='bbox 676 2179 716 2210; x_wconf 85' lang='lat' dir='ltr'>ad</span> <span class='ocrx_word' id='word_1_255' title='bbox 735 2178 906 2210; x_wconf 87' lang='lat' dir='ltr'>Ecclesiam</span> <span class='ocrx_word' id='word_1_256' title='bbox 926 2189 1001 2220; x_wconf 82' lang='lat' dir='ltr'>prae-</span> 
     </span>
     <span class='ocr_line' id='line_1_70' title="bbox 569 2223 999 2255; baseline -0.002 0"><span class='ocrx_word' id='word_1_257' title='bbox 569 2228 616 2255; x_wconf 90' lang='lat' dir='ltr'>ter</span> <span class='ocrx_word' id='word_1_258' title='bbox 634 2223 710 2255; x_wconf 87' lang='lat' dir='ltr'>alios</span> <span class='ocrx_word' id='word_1_259' title='bbox 728 2223 864 2255; x_wconf 83' lang='lat' dir='ltr'>haeretici</span> <span class='ocrx_word' id='word_1_260' title='bbox 883 2223 929 2255; x_wconf 88' lang='lat'>11.</span> <span class='ocrx_word' id='word_1_261' title='bbox 933 2223 999 2255; x_wconf 90' lang='grc'>000.</span> 
     </span>
     <span class='ocr_line' id='line_1_71' title="bbox 569 2267 1002 2300; baseline -0.002 -1"><span class='ocrx_word' id='word_1_262' title='bbox 569 2287 607 2290; x_wconf 82' lang='lat'>—</span> <span class='ocrx_word' id='word_1_263' title='bbox 634 2268 805 2300; x_wconf 89' lang='lat' dir='ltr'>Fructuose</span> <span class='ocrx_word' id='word_1_264' title='bbox 832 2267 1002 2299; x_wconf 89' lang='lat' dir='ltr'>laboranti-</span> 
     </span>
     <span class='ocr_line' id='line_1_72' title="bbox 569 2312 1001 2353; baseline 0.002 -9"><span class='ocrx_word' id='word_1_265' title='bbox 569 2313 626 2344; x_wconf 92' lang='lat' dir='ltr'>bus</span> <span class='ocrx_word' id='word_1_266' title='bbox 633 2312 802 2353; x_wconf 74' lang='lat' dir='ltr'>Osnabruqi</span> <span class='ocrx_word' id='word_1_267' title='bbox 811 2312 963 2344; x_wconf 79' lang='lat' dir='ltr'>fundatur</span> <span class='ocrx_word' id='word_1_268' title='bbox 970 2313 1001 2345; x_wconf 89' lang='lat' dir='ltr'>C.</span> 
     </span>
    </p>
   </div>
   <div class='ocr_carea' id='block_1_24' title="bbox 54 2400 1003 2443">
    <p class='ocr_par' dir='ltr' id='par_1_26' title="bbox 54 2400 1003 2443">
     <span class='ocr_line' id='line_1_73' title="bbox 54 2400 1003 2443; baseline -0.001 -10"><span class='ocrx_word' id='word_1_269' title='bbox 54 2401 130 2433; x_wconf 89' lang='lat'>1628</span> <span class='ocrx_word' id='word_1_270' title='bbox 146 2401 331 2443; x_wconf 87' lang='lat' dir='ltr'>Ulyssipone</span> <span class='ocrx_word' id='word_1_271' title='bbox 344 2401 377 2433; x_wconf 92' lang='lat' dir='ltr'>in</span> <span class='ocrx_word' id='word_1_272' title='bbox 391 2402 515 2434; x_wconf 82' lang='lat' dir='ltr'>Indiam</span> <span class='ocrx_word' id='word_1_273' title='bbox 549 2403 579 2434; x_wconf 83' lang='lat'>0.</span> <span class='ocrx_word' id='word_1_274' title='bbox 606 2401 794 2439; x_wconf 75' lang='lat' dir='ltr'>Alostanum,</span> <span class='ocrx_word' id='word_1_275' title='bbox 817 2400 1003 2432; x_wconf 81' lang='lat' dir='ltr'>Aldenarda—</span> 
     </span>
    </p>
   </div>
   <div class='ocr_carea' id='block_1_25' title="bbox 73 2446 515 2532">
    <p class='ocr_par' dir='ltr' id='par_1_27' title="bbox 73 2446 515 2532">
     <span class='ocr_line' id='line_1_74' title="bbox 73 2446 515 2488; baseline 0.002 -11"><span class='ocrx_word' id='word_1_276' title='bbox 73 2446 200 2478; x_wconf 88' lang='lat' dir='ltr'>solvunt</span> <span class='ocrx_word' id='word_1_277' title='bbox 215 2446 254 2477; x_wconf 81' lang='lat'>35</span> <span class='ocrx_word' id='word_1_278' title='bbox 266 2446 347 2478; x_wconf 85' lang='lat' dir='ltr'>Socii</span> <span class='ocrx_word' id='word_1_279' title='bbox 364 2457 434 2478; x_wconf 90' lang='lat' dir='ltr'>cum</span> <span class='ocrx_word' id='word_1_280' title='bbox 452 2447 515 2488; x_wconf 87' lang='lat' dir='ltr'>epi-</span> 
     </span>
     <span class='ocr_line' id='line_1_75' title="bbox 73 2489 322 2532; baseline 0.004 -10"><span class='ocrx_word' id='word_1_281' title='bbox 73 2500 166 2532; x_wconf 88' lang='lat' dir='ltr'>scopo</span> <span class='ocrx_word' id='word_1_282' title='bbox 188 2489 322 2523; x_wconf 88' lang='lat' dir='ltr'>Nicaeno.</span> 
     </span>
    </p>
   </div>
   <div class='ocr_carea' id='block_1_26' title="bbox 568 2445 886 2484">
    <p class='ocr_par' dir='ltr' id='par_1_28' title="bbox 568 2445 886 2484">
     <span class='ocr_line' id='line_1_76' title="bbox 568 2445 886 2484; baseline -0.003 -7"><span class='ocrx_word' id='word_1_283' title='bbox 568 2456 652 2484; x_wconf 82' lang='lat' dir='ltr'>num,</span> <span class='ocrx_word' id='word_1_284' title='bbox 676 2445 886 2477; x_wconf 81' lang='lat' dir='ltr'>Belliolanum.</span> 
     </span>
    </p>
   </div>
   <div class='ocr_carea' id='block_1_27' title="bbox 551 2534 1005 2664">
    <p class='ocr_par' dir='ltr' id='par_1_29' title="bbox 551 2534 1005 2664">
     <span class='ocr_line' id='line_1_77' title="bbox 551 2534 1005 2576; baseline -0.002 -10"><span class='ocrx_word' id='word_1_285' title='bbox 551 2535 628 2566; x_wconf 87' lang='lat'>1626</span> <span class='ocrx_word' id='word_1_286' title='bbox 644 2534 664 2576; x_wconf 89' lang='lat'>†</span> <span class='ocrx_word' id='word_1_287' title='bbox 679 2534 851 2567; x_wconf 86' lang='lat' dir='ltr'>Guliehnus</span> <span class='ocrx_word' id='word_1_288' title='bbox 861 2534 935 2565; x_wconf 86' lang='lat' dir='ltr'>Dux</span> <span class='ocrx_word' id='word_1_289' title='bbox 946 2534 1005 2566; x_wconf 87' lang='lat' dir='ltr'>Ba-</span> 
     </span>
     <span class='ocr_line' id='line_1_78' title="bbox 570 2578 1004 2617; baseline -0.002 -7"><span class='ocrx_word' id='word_1_290' title='bbox 570 2579 673 2617; x_wconf 84' lang='lat' dir='ltr'>variae,</span> <span class='ocrx_word' id='word_1_291' title='bbox 685 2578 816 2610; x_wconf 85' lang='lat' dir='ltr'>eximius</span> <span class='ocrx_word' id='word_1_292' title='bbox 827 2578 1004 2610; x_wconf 84' lang='lat' dir='ltr'>Pr.Germa-</span> 
     </span>
     <span class='ocr_line' id='line_1_79' title="bbox 570 2623 934 2664; baseline -0.003 -9"><span class='ocrx_word' id='word_1_293' title='bbox 570 2624 629 2655; x_wconf 79' lang='lat' dir='ltr'>niae</span> <span class='ocrx_word' id='word_1_294' title='bbox 649 2624 722 2664; x_wconf 88' lang='lat' dir='ltr'>Sup.</span> <span class='ocrx_word' id='word_1_295' title='bbox 745 2623 934 2655; x_wconf 84' lang='lat' dir='ltr'>benefactor.</span> 
     </span>
    </p>
   </div>
   <div class='ocr_carea' id='block_1_28' title="bbox 552 2713 1003 2744">
    <p class='ocr_par' dir='ltr' id='par_1_30' title="bbox 552 2713 1003 2744">
     <span class='ocr_line' id='line_1_80' title="bbox 552 2713 1003 2744; baseline 0 -1"><span class='ocrx_word' id='word_1_296' title='bbox 552 2713 629 2744; x_wconf 89' lang='lat'>1626</span> <span class='ocrx_word' id='word_1_297' title='bbox 654 2713 825 2743; x_wconf 84' lang='lat' dir='ltr'>Florentius</span> <span class='ocrx_word' id='word_1_298' title='bbox 848 2713 1003 2743; x_wconf 86' lang='lat' dir='ltr'>Montmo-</span> 
     </span>
    </p>
   </div>
   <div class='ocr_carea' id='block_1_29' title="bbox 570 2755 1013 2794">
    <p class='ocr_par' dir='ltr' id='par_1_31' title="bbox 570 2755 1013 2794">
     <span class='ocr_line' id='line_1_81' title="bbox 570 2755 1013 2794; baseline 0 -7"><span class='ocrx_word' id='word_1_299' title='bbox 570 2758 703 2794; x_wconf 84' lang='lat' dir='ltr'>raucius,</span> <span class='ocrx_word' id='word_1_300' title='bbox 712 2756 915 2788; x_wconf 85' lang='lat' dir='ltr'>Provincialis</span> <span class='ocrx_word' id='word_1_301' title='bbox 922 2755 1013 2788; x_wconf 88' lang='lat' dir='ltr'>Flan-</span> 
     </span>
    </p>
   </div>
   <div class='ocr_carea' id='block_1_30' title="bbox 571 2800 1002 2842">
    <p class='ocr_par' dir='ltr' id='par_1_32' title="bbox 571 2800 1002 2842">
     <span class='ocr_line' id='line_1_82' title="bbox 571 2800 1002 2842; baseline 0 -10"><span class='ocrx_word' id='word_1_302' title='bbox 571 2801 654 2839; x_wconf 83' lang='lat' dir='ltr'>driae,</span> <span class='ocrx_word' id='word_1_303' title='bbox 672 2801 815 2842; x_wconf 83' lang='lat' dir='ltr'>captivus</span> <span class='ocrx_word' id='word_1_304' title='bbox 834 2800 1002 2832; x_wconf 83' lang='lat' dir='ltr'>Hollando-</span> 
     </span>
    </p>
   </div>
   <div class='ocr_carea' id='block_1_31' title="bbox 55 2845 649 2887">
    <p class='ocr_par' dir='ltr' id='par_1_33' title="bbox 55 2845 649 2887">
     <span class='ocr_line' id='line_1_83' title="bbox 55 2845 649 2887; baseline -0.003 -9"><span class='ocrx_word' id='word_1_305' title='bbox 55 2846 132 2878; x_wconf 84' lang='lat'>1629</span> <span class='ocrx_word' id='word_1_306' title='bbox 143 2845 291 2887; x_wconf 88' lang='lat' dir='ltr'>Aperitur</span> <span class='ocrx_word' id='word_1_307' title='bbox 300 2845 339 2877; x_wconf 90' lang='lat' dir='ltr'><em>M</em></span> <span class='ocrx_word' id='word_1_308' title='bbox 341 2845 424 2877; x_wconf 75' lang='lat' dir='ltr'>atriti</span> <span class='ocrx_word' id='word_1_309' title='bbox 434 2855 517 2877; x_wconf 89' lang='lat' dir='ltr'>nova</span> <span class='ocrx_word' id='word_1_310' title='bbox 570 2855 649 2877; x_wconf 88' lang='lat' dir='ltr'>rum.</span> 
     </span>
    </p>
   </div>
   <div class='ocr_carea' id='block_1_32' title="bbox 77 2890 467 2922">
    <p class='ocr_par' dir='ltr' id='par_1_34' title="bbox 77 2890 467 2922">
     <span class='ocr_line' id='line_1_84' title="bbox 77 2890 467 2922; baseline -0.003 0"><span class='ocrx_word' id='word_1_311' title='bbox 77 2890 263 2922; x_wconf 77' lang='lat' dir='ltr'>Universitas</span> <span class='ocrx_word' id='word_1_312' title='bbox 283 2890 467 2922; x_wconf 89' lang='lat' dir='ltr'>studiorum.</span> 
     </span>
    </p>
   </div>
   <div class='ocr_carea' id='block_1_33' title="bbox 261 3112 319 3143">
    <p class='ocr_par' dir='ltr' id='par_1_35' title="bbox 261 3112 319 3143">
     <span class='ocr_line' id='line_1_85' title="bbox 261 3112 319 3143; baseline 0 0"><span class='ocrx_word' id='word_1_313' title='bbox 261 3112 319 3143; x_wconf 87' lang='lat'>166</span> 
     </span>
    </p>
   </div>
   <div class='ocr_carea' id='block_1_34' title="bbox 551 2933 1002 3062">
    <p class='ocr_par' dir='ltr' id='par_1_36' title="bbox 551 2933 1002 3062">
     <span class='ocr_line' id='line_1_86' title="bbox 551 2933 1002 2972; baseline -0.002 -7"><span class='ocrx_word' id='word_1_314' title='bbox 551 2934 628 2965; x_wconf 90' lang='lat'>1626</span> <span class='ocrx_word' id='word_1_315' title='bbox 657 2933 827 2972; x_wconf 81' lang='lat' dir='ltr'>„Rhenus“</span> <span class='ocrx_word' id='word_1_316' title='bbox 850 2933 1002 2965; x_wconf 87' lang='lat' dir='ltr'>dividitur</span> 
     </span>
     <span class='ocr_line' id='line_1_87' title="bbox 570 2977 1001 3018; baseline 0 -9"><span class='ocrx_word' id='word_1_317' title='bbox 570 2978 603 3009; x_wconf 93' lang='lat' dir='ltr'>in</span> <span class='ocrx_word' id='word_1_318' title='bbox 626 2979 643 3009; x_wconf 89' lang='lat'>2</span> <span class='ocrx_word' id='word_1_319' title='bbox 664 2980 728 3010; x_wconf 87' lang='lat' dir='ltr'>Pr.:</span> <span class='ocrx_word' id='word_1_320' title='bbox 758 2977 858 3009; x_wconf 82' lang='lat' dir='ltr'>Rheni</span> <span class='ocrx_word' id='word_1_321' title='bbox 877 2977 1001 3018; x_wconf 80' lang='lat' dir='ltr'>Superi-</span> 
     </span>
     <span class='ocr_line' id='line_1_88' title="bbox 571 3021 884 3062; baseline -0.003 -8"><span class='ocrx_word' id='word_1_322' title='bbox 571 3022 640 3061; x_wconf 84' lang='lat' dir='ltr'>oris,</span> <span class='ocrx_word' id='word_1_323' title='bbox 663 3026 696 3054; x_wconf 83' lang='lat' dir='ltr'>et</span> <span class='ocrx_word' id='word_1_324' title='bbox 715 3021 884 3062; x_wconf 77' lang='lat' dir='ltr'>Inferioris.</span> 
     </span>
    </p>
   </div>
   <div class='ocr_carea' id='block_1_35' title="bbox 748 3111 806 3142">
    <p class='ocr_par' dir='ltr' id='par_1_37' title="bbox 748 3111 806 3142">
     <span class='ocr_line' id='line_1_89' title="bbox 748 3111 806 3142; baseline 0 0"><span class='ocrx_word' id='word_1_325' title='bbox 748 3111 806 3142; x_wconf 87' lang='lat'>167</span> 
     </span>
    </p>
   </div>
   <div class='ocr_carea' id='block_1_36' title="bbox 1052 979 1877 1021">
    <p class='ocr_par' dir='ltr' id='par_1_38' title="bbox 1052 979 1877 1021">
     <span class='ocr_line' id='line_1_90' title="bbox 1052 979 1877 1021; baseline 0.002 -12"><span class='ocrx_word' id='word_1_326' title='bbox 1052 979 1235 1019; x_wconf 78' lang='lat'>(1625—49)</span> <span class='ocrx_word' id='word_1_327' title='bbox 1249 979 1354 1010; x_wconf 88' lang='lat' dir='ltr'>mitior</span> <span class='ocrx_word' id='word_1_328' title='bbox 1367 979 1405 1010; x_wconf 84' lang='lat' dir='ltr'>fit</span> <span class='ocrx_word' id='word_1_329' title='bbox 1420 989 1483 1010; x_wconf 87' lang='lat' dir='ltr'>sors</span> <span class='ocrx_word' id='word_1_330' title='bbox 1538 980 1659 1017; x_wconf 83' lang='lat' dir='ltr'>Lucari,</span> <span class='ocrx_word' id='word_1_331' title='bbox 1696 979 1877 1021; x_wconf 86' lang='lat' dir='ltr'>patriarcha</span> 
     </span>
    </p>
   </div>
   <div class='ocr_carea' id='block_1_37' title="bbox 1053 1022 1484 1055">
    <p class='ocr_par' dir='ltr' id='par_1_39' title="bbox 1053 1022 1484 1055">
     <span class='ocr_line' id='line_1_91' title="bbox 1053 1022 1484 1055; baseline 0.002 -1"><span class='ocrx_word' id='word_1_332' title='bbox 1053 1022 1243 1054; x_wconf 78' lang='lat' dir='ltr'>Jesuitarum</span> <span class='ocrx_word' id='word_1_333' title='bbox 1263 1023 1420 1055; x_wconf 84' lang='lat' dir='ltr'>mediante</span> <span class='ocrx_word' id='word_1_334' title='bbox 1439 1034 1484 1055; x_wconf 86' lang='lat' dir='ltr'>re—</span> 
     </span>
    </p>
   </div>
   <div class='ocr_carea' id='block_1_38' title="bbox 1538 979 2141 1065">
    <p class='ocr_par' dir='ltr' id='par_1_40' title="bbox 1538 979 2141 1065">
     <span class='ocr_line' id='line_1_92' title="bbox 1921 979 2140 1011; baseline 0.005 -1"><span class='ocrx_word' id='word_1_335' title='bbox 1921 979 2140 1011; x_wconf 87' lang='lat' dir='ltr'>Constantino-</span> 
     </span>
     <span class='ocr_line' id='line_1_93' title="bbox 1538 1023 2141 1065; baseline 0 -10"><span class='ocrx_word' id='word_1_336' title='bbox 1538 1024 1688 1065; x_wconf 85' lang='lat' dir='ltr'>politano,</span> <span class='ocrx_word' id='word_1_337' title='bbox 1710 1024 1907 1055; x_wconf 84' lang='lat' dir='ltr'>schismatico</span> <span class='ocrx_word' id='word_1_338' title='bbox 1929 1027 1961 1055; x_wconf 88' lang='lat' dir='ltr'>et</span> <span class='ocrx_word' id='word_1_339' title='bbox 1981 1024 2020 1055; x_wconf 87' lang='lat' dir='ltr'>ad</span> <span class='ocrx_word' id='word_1_340' title='bbox 2041 1023 2141 1055; x_wconf 84' lang='lat' dir='ltr'>Calvi-</span> 
     </span>
    </p>
   </div>
   <div class='ocr_carea' id='block_1_39' title="bbox 1051 1067 1853 1109">
    <p class='ocr_par' dir='ltr' id='par_1_41' title="bbox 1051 1067 1853 1109">
     <span class='ocr_line' id='line_1_94' title="bbox 1051 1067 1853 1109; baseline 0.002 -11"><span class='ocrx_word' id='word_1_341' title='bbox 1051 1067 1125 1109; x_wconf 85' lang='lat' dir='ltr'>gina</span> <span class='ocrx_word' id='word_1_342' title='bbox 1163 1067 1325 1099; x_wconf 86' lang='lat' dir='ltr'>catholica.</span> <span class='ocrx_word' id='word_1_343' title='bbox 1366 1067 1427 1099; x_wconf 90' lang='lat' dir='ltr'>Sed</span> <span class='ocrx_word' id='word_1_344' title='bbox 1467 1078 1485 1099; x_wconf 88' lang='lat' dir='ltr'>a</span> <span class='ocrx_word' id='word_1_345' title='bbox 1538 1069 1672 1100; x_wconf 84' lang='lat' dir='ltr'>nismum</span> <span class='ocrx_word' id='word_1_346' title='bbox 1692 1078 1853 1109; x_wconf 57' lang='lat' dir='ltr'>propensa</span> 
     </span>
    </p>
   </div>
   <div class='ocr_carea' id='block_1_40' title="bbox 1052 1111 1484 1188">
    <p class='ocr_par' dir='ltr' id='par_1_42' title="bbox 1052 1111 1484 1188">
     <span class='ocr_line' id='line_1_95' title="bbox 1052 1111 1484 1144; baseline 0 -1"><span class='ocrx_word' id='word_1_347' title='bbox 1052 1111 1232 1144; x_wconf 88' lang='lat' dir='ltr'>Cromwello</span> <span class='ocrx_word' id='word_1_348' title='bbox 1275 1112 1484 1144; x_wconf 81' lang='lat' dir='ltr'>crudelissime</span> 
     </span>
     <span class='ocr_line' id='line_1_96' title="bbox 1052 1160 1238 1188; baseline 0 0"><span class='ocrx_word' id='word_1_349' title='bbox 1052 1160 1238 1188; x_wconf 85' lang='lat' dir='ltr'>tractantur.</span> 
     </span>
    </p>
   </div>
   <div class='ocr_carea' id='block_1_41' title="bbox 1036 1512 1487 1686">
    <p class='ocr_par' dir='ltr' id='par_1_43' title="bbox 1036 1512 1487 1686">
     <span class='ocr_line' id='line_1_97' title="bbox 1036 1512 1485 1550; baseline 0 -7"><span class='ocrx_word' id='word_1_350' title='bbox 1036 1513 1111 1543; x_wconf 86' lang='lat'>1626</span> <span class='ocrx_word' id='word_1_351' title='bbox 1123 1512 1292 1549; x_wconf 86' lang='lat' dir='ltr'>Gustavus,</span> <span class='ocrx_word' id='word_1_352' title='bbox 1300 1512 1485 1550; x_wconf 77' lang='lat' dir='ltr'>rexSueciae‚</span> 
     </span>
     <span class='ocr_line' id='line_1_98' title="bbox 1054 1556 1485 1593; baseline -0.002 -5"><span class='ocrx_word' id='word_1_353' title='bbox 1054 1557 1242 1588; x_wconf 84' lang='lat' dir='ltr'>Societatem</span> <span class='ocrx_word' id='word_1_354' title='bbox 1287 1566 1303 1588; x_wconf 89' lang='lat' dir='ltr'>e</span> <span class='ocrx_word' id='word_1_355' title='bbox 1347 1556 1485 1593; x_wconf 83' lang='lat' dir='ltr'>Livonia,</span> 
     </span>
     <span class='ocr_line' id='line_1_99' title="bbox 1057 1600 1487 1641; baseline 0 -9"><span class='ocrx_word' id='word_1_356' title='bbox 1057 1600 1274 1641; x_wconf 78' lang='lat' dir='ltr'>Braunsberqa,</span> <span class='ocrx_word' id='word_1_357' title='bbox 1297 1600 1487 1632; x_wconf 81' lang='lat' dir='ltr'>Mariaebur-</span> 
     </span>
     <span class='ocr_line' id='line_1_100' title="bbox 1053 1645 1269 1686; baseline 0 -10"><span class='ocrx_word' id='word_1_358' title='bbox 1053 1655 1088 1686; x_wconf 75' lang='lat'>90</span> <span class='ocrx_word' id='word_1_359' title='bbox 1112 1645 1269 1677; x_wconf 83' lang='lat' dir='ltr'>exturbat.</span> 
     </span>
    </p>
   </div>
   <div class='ocr_carea' id='block_1_42' title="bbox 1036 1778 1488 1899">
    <p class='ocr_par' dir='ltr' id='par_1_44' title="bbox 1036 1778 1488 1899">
     <span class='ocr_line' id='line_1_101' title="bbox 1036 1778 1488 1810; baseline 0 0"><span class='ocrx_word' id='word_1_360' title='bbox 1036 1778 1164 1810; x_wconf 88' lang='lat' dir='ltr'>Initium</span> <span class='ocrx_word' id='word_1_361' title='bbox 1178 1779 1394 1810; x_wconf 65' lang='lat' dir='ltr'>controversiae</span> <span class='ocrx_word' id='word_1_362' title='bbox 1407 1779 1488 1810; x_wconf 90' lang='lat' dir='ltr'>inter</span> 
     </span>
     <span class='ocr_line' id='line_1_102' title="bbox 1054 1823 1487 1855; baseline 0 -1"><span class='ocrx_word' id='word_1_363' title='bbox 1054 1823 1254 1854; x_wconf 85' lang='lat' dir='ltr'>Academiam</span> <span class='ocrx_word' id='word_1_364' title='bbox 1264 1823 1487 1855; x_wconf 69' lang='lat' dir='ltr'>Gracoviensem</span> 
     </span>
     <span class='ocr_line' id='line_1_103' title="bbox 1055 1867 1304 1899; baseline -0.004 0"><span class='ocrx_word' id='word_1_365' title='bbox 1055 1871 1087 1899; x_wconf 82' lang='lat' dir='ltr'>et</span> <span class='ocrx_word' id='word_1_366' title='bbox 1107 1867 1304 1899; x_wconf 79' lang='lat' dir='ltr'>Societatem.</span> 
     </span>
    </p>
   </div>
   <div class='ocr_carea' id='block_1_43' title="bbox 1036 2045 1488 2086">
    <p class='ocr_par' dir='ltr' id='par_1_45' title="bbox 1036 2045 1488 2086">
     <span class='ocr_line' id='line_1_104' title="bbox 1036 2045 1488 2086; baseline 0.002 -10"><span class='ocrx_word' id='word_1_367' title='bbox 1036 2046 1111 2077; x_wconf 90' lang='lat'>1627</span> <span class='ocrx_word' id='word_1_368' title='bbox 1152 2045 1323 2086; x_wconf 86' lang='lat' dir='ltr'>Episcopus</span> <span class='ocrx_word' id='word_1_369' title='bbox 1364 2045 1488 2078; x_wconf 85' lang='lat' dir='ltr'>Chalce-</span> 
     </span>
    </p>
   </div>
   <div class='ocr_carea' id='block_1_44' title="bbox 1054 2089 1498 2131">
    <p class='ocr_par' dir='ltr' id='par_1_46' title="bbox 1054 2089 1498 2131">
     <span class='ocr_line' id='line_1_105' title="bbox 1054 2089 1498 2131; baseline 0.002 -10"><span class='ocrx_word' id='word_1_370' title='bbox 1054 2089 1198 2121; x_wconf 90' lang='lat' dir='ltr'>donensis</span> <span class='ocrx_word' id='word_1_371' title='bbox 1213 2090 1244 2121; x_wconf 88' lang='lat' dir='ltr'>in</span> <span class='ocrx_word' id='word_1_372' title='bbox 1259 2089 1372 2131; x_wconf 84' lang='lat' dir='ltr'>Anglia</span> <span class='ocrx_word' id='word_1_373' title='bbox 1386 2100 1432 2122; x_wconf 90' lang='lat' dir='ltr'>res</span> <span class='ocrx_word' id='word_1_374' title='bbox 1446 2101 1498 2122; x_wconf 90' lang='lat' dir='ltr'>no—</span> 
     </span>
    </p>
   </div>
   <div class='ocr_carea' id='block_1_45' title="bbox 1053 2134 1488 2300">
    <p class='ocr_par' dir='ltr' id='par_1_47' title="bbox 1053 2134 1488 2300">
     <span class='ocr_line' id='line_1_106' title="bbox 1055 2134 1488 2166; baseline 0.002 -1"><span class='ocrx_word' id='word_1_375' title='bbox 1055 2144 1110 2166; x_wconf 86' lang='lat' dir='ltr'>vas</span> <span class='ocrx_word' id='word_1_376' title='bbox 1135 2134 1263 2166; x_wconf 90' lang='lat' dir='ltr'>molitur</span> <span class='ocrx_word' id='word_1_377' title='bbox 1287 2139 1397 2166; x_wconf 88' lang='lat' dir='ltr'>contra</span> <span class='ocrx_word' id='word_1_378' title='bbox 1420 2134 1488 2166; x_wconf 76' lang='lat' dir='ltr'>reli-</span> 
     </span>
     <span class='ocr_line' id='line_1_107' title="bbox 1053 2179 1487 2220; baseline 0.002 -10"><span class='ocrx_word' id='word_1_379' title='bbox 1053 2179 1163 2220; x_wconf 85' lang='lat' dir='ltr'>giosos.</span> <span class='ocrx_word' id='word_1_380' title='bbox 1183 2179 1312 2210; x_wconf 81' lang='lat' dir='ltr'>Jesuitae</span> <span class='ocrx_word' id='word_1_381' title='bbox 1329 2179 1436 2210; x_wconf 80' lang='lat' dir='ltr'>inultis</span> <span class='ocrx_word' id='word_1_382' title='bbox 1454 2179 1487 2211; x_wconf 93' lang='lat' dir='ltr'>li-</span> 
     </span>
     <span class='ocr_line' id='line_1_108' title="bbox 1054 2223 1488 2255; baseline 0.002 -1"><span class='ocrx_word' id='word_1_383' title='bbox 1054 2223 1142 2255; x_wconf 82' lang='lat' dir='ltr'>bellis</span> <span class='ocrx_word' id='word_1_384' title='bbox 1178 2223 1408 2255; x_wconf 87' lang='lat' dir='ltr'>contumeliosis</span> <span class='ocrx_word' id='word_1_385' title='bbox 1443 2224 1488 2255; x_wconf 90' lang='lat' dir='ltr'>in-</span> 
     </span>
     <span class='ocr_line' id='line_1_109' title="bbox 1055 2268 1219 2300; baseline 0.006 -1"><span class='ocrx_word' id='word_1_386' title='bbox 1055 2268 1219 2300; x_wconf 76' lang='lat' dir='ltr'>testantur.</span> 
     </span>
    </p>
   </div>
   <div class='ocr_carea' id='block_1_46' title="bbox 1036 2401 1489 2620">
    <p class='ocr_par' dir='ltr' id='par_1_48' title="bbox 1036 2401 1489 2620">
     <span class='ocr_line' id='line_1_110' title="bbox 1036 2401 1487 2433; baseline 0 -1"><span class='ocrx_word' id='word_1_387' title='bbox 1036 2401 1113 2432; x_wconf 86' lang='lat'>1628</span> <span class='ocrx_word' id='word_1_388' title='bbox 1124 2401 1225 2432; x_wconf 83' lang='lat' dir='ltr'>Atrox</span> <span class='ocrx_word' id='word_1_389' title='bbox 1238 2401 1339 2433; x_wconf 89' lang='lat' dir='ltr'>Caroli</span> <span class='ocrx_word' id='word_1_390' title='bbox 1351 2401 1487 2433; x_wconf 86' lang='lat' dir='ltr'>edictum</span> 
     </span>
     <span class='ocr_line' id='line_1_111' title="bbox 1056 2445 1486 2488; baseline 0.002 -12"><span class='ocrx_word' id='word_1_391' title='bbox 1056 2449 1165 2477; x_wconf 87' lang='lat' dir='ltr'>contra</span> <span class='ocrx_word' id='word_1_392' title='bbox 1175 2445 1350 2478; x_wconf 87' lang='lat' dir='ltr'>Catholicos</span> <span class='ocrx_word' id='word_1_393' title='bbox 1358 2445 1486 2488; x_wconf 85' lang='lat' dir='ltr'>Angliae.</span> 
     </span>
     <span class='ocr_line' id='line_1_112' title="bbox 1056 2491 1488 2522; baseline 0.002 -2"><span class='ocrx_word' id='word_1_394' title='bbox 1056 2491 1236 2521; x_wconf 81' lang='lat' dir='ltr'>Edmundus</span> <span class='ocrx_word' id='word_1_395' title='bbox 1287 2492 1488 2522; x_wconf 79' lang='lat' dir='ltr'>Arrowsmith</span> 
     </span>
     <span class='ocr_line' id='line_1_113' title="bbox 1055 2534 1489 2575; baseline 0 -9"><span class='ocrx_word' id='word_1_396' title='bbox 1055 2534 1177 2575; x_wconf 83' lang='lat' dir='ltr'>Martyr</span> <span class='ocrx_word' id='word_1_397' title='bbox 1202 2535 1228 2566; x_wconf 88' lang='lat'>7.</span> <span class='ocrx_word' id='word_1_398' title='bbox 1253 2535 1338 2575; x_wconf 87' lang='lat' dir='ltr'>Sept.</span> <span class='ocrx_word' id='word_1_399' title='bbox 1365 2554 1403 2557; x_wconf 84' lang='lat'><em>-</em></span> <span class='ocrx_word' id='word_1_400' title='bbox 1427 2534 1489 2566; x_wconf 85' lang='lat' dir='ltr'>Alii</span> 
     </span>
     <span class='ocr_line' id='line_1_114' title="bbox 1056 2579 1310 2620; baseline 0.004 -10"><span class='ocrx_word' id='word_1_401' title='bbox 1056 2579 1093 2610; x_wconf 90' lang='grc'>15</span> <span class='ocrx_word' id='word_1_402' title='bbox 1114 2579 1195 2610; x_wconf 90' lang='lat' dir='ltr'>Socii</span> <span class='ocrx_word' id='word_1_403' title='bbox 1217 2579 1310 2620; x_wconf 86' lang='lat' dir='ltr'>capti.</span> 
     </span>
    </p>
   </div>
   <div class='ocr_carea' id='block_1_47' title="bbox 1037 2844 1490 2877">
    <p class='ocr_par' dir='ltr' id='par_1_49' title="bbox 1037 2844 1490 2877">
     <span class='ocr_line' id='line_1_115' title="bbox 1037 2844 1490 2877; baseline 0.002 -1"><span class='ocrx_word' id='word_1_404' title='bbox 1037 2845 1113 2876; x_wconf 87' lang='lat'>1629</span> <span class='ocrx_word' id='word_1_405' title='bbox 1124 2844 1303 2876; x_wconf 75' lang='lat' dir='ltr'>Graudentii</span> <span class='ocrx_word' id='word_1_406' title='bbox 1314 2845 1346 2876; x_wconf 91' lang='lat' dir='ltr'>in</span> <span class='ocrx_word' id='word_1_407' title='bbox 1359 2845 1490 2877; x_wconf 87' lang='lat' dir='ltr'>Polonia</span> 
     </span>
    </p>
   </div>
   <div class='ocr_carea' id='block_1_48' title="bbox 1055 2889 1488 3019">
    <p class='ocr_par' dir='ltr' id='par_1_50' title="bbox 1055 2889 1488 3019">
     <span class='ocr_line' id='line_1_116' title="bbox 1055 2889 1488 2931; baseline 0.002 -11"><span class='ocrx_word' id='word_1_408' title='bbox 1055 2889 1073 2920; x_wconf 88' lang='lat'><strong>3</strong></span> <span class='ocrx_word' id='word_1_409' title='bbox 1093 2889 1126 2920; x_wconf 91' lang='lat' dir='ltr'>in</span> <span class='ocrx_word' id='word_1_410' title='bbox 1146 2899 1296 2931; x_wconf 72' lang='lat' dir='ltr'>aegrorum</span> <span class='ocrx_word' id='word_1_411' title='bbox 1316 2889 1488 2922; x_wconf 90' lang='lat' dir='ltr'>ministerio</span> 
     </span>
     <span class='ocr_line' id='line_1_117' title="bbox 1056 2933 1488 2966; baseline 0.002 -2"><span class='ocrx_word' id='word_1_412' title='bbox 1056 2933 1255 2965; x_wconf 88' lang='lat' dir='ltr'>occumbunt.</span> <span class='ocrx_word' id='word_1_413' title='bbox 1273 2952 1310 2956; x_wconf 80' lang='lat'><strong>—</strong></span> <span class='ocrx_word' id='word_1_414' title='bbox 1327 2933 1363 2965; x_wconf 94' lang='lat' dir='ltr'>In</span> <span class='ocrx_word' id='word_1_415' title='bbox 1379 2934 1488 2966; x_wconf 89' lang='lat' dir='ltr'>Lithu-</span> 
     </span>
     <span class='ocr_line' id='line_1_118' title="bbox 1055 2977 1458 3019; baseline 0.005 -11"><span class='ocrx_word' id='word_1_416' title='bbox 1055 2977 1128 3009; x_wconf 86' lang='lat' dir='ltr'>ania</span> <span class='ocrx_word' id='word_1_417' title='bbox 1145 2979 1176 3010; x_wconf 84' lang='lat' dir='ltr'>C.</span> <span class='ocrx_word' id='word_1_418' title='bbox 1194 2978 1226 3009; x_wconf 93' lang='lat' dir='ltr'><em>N</em></span> <span class='ocrx_word' id='word_1_419' title='bbox 1228 2978 1458 3019; x_wconf 77' lang='lat' dir='ltr'>ovoqrodeoense.</span> 
     </span>
    </p>
   </div>
   <div class='ocr_carea' id='block_1_49' title="bbox 1231 3111 1289 3143">
    <p class='ocr_par' dir='ltr' id='par_1_51' title="bbox 1231 3111 1289 3143">
     <span class='ocr_line' id='line_1_119' title="bbox 1231 3111 1289 3143; baseline 0 -1"><span class='ocrx_word' id='word_1_420' title='bbox 1231 3111 1289 3143; x_wconf 89' lang='grc'>168</span> 
     </span>
    </p>
   </div>
   <div class='ocr_carea' id='block_1_50' title="bbox 1520 1245 2139 1323">
    <p class='ocr_par' dir='ltr' id='par_1_52' title="bbox 1520 1245 2139 1323">
     <span class='ocr_line' id='line_1_120' title="bbox 1520 1245 2139 1278; baseline -0.002 0"><span class='ocrx_word' id='word_1_421' title='bbox 1520 1247 1596 1278; x_wconf 90' lang='lat'>1627</span> <span class='ocrx_word' id='word_1_422' title='bbox 1629 1246 1783 1278; x_wconf 86' lang='lat' dir='ltr'>Missionis</span> <span class='ocrx_word' id='word_1_423' title='bbox 1808 1245 2014 1278; x_wconf 77' lang='lat' dir='ltr'>Tunkinensis</span> <span class='ocrx_word' id='word_1_424' title='bbox 2035 1246 2139 1278; x_wconf 85' lang='lat' dir='ltr'>initia:</span> 
     </span>
     <span class='ocr_line' id='line_1_121' title="bbox 1539 1292 1865 1323; baseline 0.003 -2"><span class='ocrx_word' id='word_1_425' title='bbox 1539 1292 1713 1321; x_wconf 84' lang='lat' dir='ltr'>Alexander</span> <span class='ocrx_word' id='word_1_426' title='bbox 1733 1292 1865 1323; x_wconf 80' lang='lat' dir='ltr'>Rhodes.</span> 
     </span>
    </p>
   </div>
   <div class='ocr_carea' id='block_1_51' title="bbox 1523 1512 2142 1589">
    <p class='ocr_par' dir='ltr' id='par_1_53' title="bbox 1523 1512 2142 1589">
     <span class='ocr_line' id='line_1_122' title="bbox 1523 1512 2142 1545; baseline 0 -1"><span class='ocrx_word' id='word_1_427' title='bbox 1523 1513 1599 1545; x_wconf 88' lang='lat'>1629</span> <span class='ocrx_word' id='word_1_428' title='bbox 1610 1513 1697 1544; x_wconf 89' lang='lat' dir='ltr'>Duce</span> <span class='ocrx_word' id='word_1_429' title='bbox 1708 1512 1882 1544; x_wconf 75' lang='lat' dir='ltr'>Sebastiano</span> <span class='ocrx_word' id='word_1_430' title='bbox 1897 1512 2001 1544; x_wconf 85' lang='lat' dir='ltr'>Vieira</span> <span class='ocrx_word' id='word_1_431' title='bbox 2012 1513 2050 1544; x_wconf 80' lang='lat'>40</span> <span class='ocrx_word' id='word_1_432' title='bbox 2061 1512 2142 1544; x_wconf 92' lang='lat' dir='ltr'>Socii</span> 
     </span>
     <span class='ocr_line' id='line_1_123' title="bbox 1542 1556 1877 1589; baseline 0 -1"><span class='ocrx_word' id='word_1_433' title='bbox 1542 1557 1670 1589; x_wconf 88' lang='lat' dir='ltr'>solvunt</span> <span class='ocrx_word' id='word_1_434' title='bbox 1691 1557 1722 1588; x_wconf 90' lang='lat' dir='ltr'>in</span> <span class='ocrx_word' id='word_1_435' title='bbox 1745 1556 1877 1589; x_wconf 85' lang='lat' dir='ltr'>Indiam.</span> 
     </span>
    </p>
   </div>
   <div class='ocr_carea' id='block_1_52' title="bbox 1523 1689 1952 1732">
    <p class='ocr_par' dir='ltr' id='par_1_54' title="bbox 1523 1689 1952 1732">
     <span class='ocr_line' id='line_1_124' title="bbox 1523 1689 1952 1732; baseline -0.002 -8"><span class='ocrx_word' id='word_1_436' title='bbox 1523 1694 1560 1724; x_wconf 81' lang='lat' dir='ltr'>R.</span> <span class='ocrx_word' id='word_1_437' title='bbox 1581 1691 1613 1722; x_wconf 90' lang='lat' dir='ltr'>in</span> <span class='ocrx_word' id='word_1_438' title='bbox 1634 1690 1752 1732; x_wconf 76' lang='lat' dir='ltr'>Anqola</span> <span class='ocrx_word' id='word_1_439' title='bbox 1774 1694 1805 1722; x_wconf 88' lang='lat' dir='ltr'>et</span> <span class='ocrx_word' id='word_1_440' title='bbox 1825 1689 1952 1723; x_wconf 76' lang='lat' dir='ltr'>Guinea.</span> 
     </span>
    </p>
   </div>
   <div class='ocr_carea' id='block_1_53' title="bbox 1524 1824 2144 1909">
    <p class='ocr_par' dir='ltr' id='par_1_55' title="bbox 1524 1824 2144 1909">
     <span class='ocr_line' id='line_1_125' title="bbox 1524 1824 2144 1865; baseline -0.002 -8"><span class='ocrx_word' id='word_1_441' title='bbox 1524 1825 1600 1857; x_wconf 89' lang='lat'>1630</span> <span class='ocrx_word' id='word_1_442' title='bbox 1618 1824 1776 1856; x_wconf 79' lang='lat' dir='ltr'>stationes</span> <span class='ocrx_word' id='word_1_443' title='bbox 1794 1824 1878 1856; x_wconf 84' lang='lat' dir='ltr'>fiunt</span> <span class='ocrx_word' id='word_1_444' title='bbox 1896 1825 2046 1865; x_wconf 75' lang='lat' dir='ltr'>Smyrnae,</span> <span class='ocrx_word' id='word_1_445' title='bbox 2066 1825 2144 1856; x_wconf 87' lang='lat' dir='ltr'>San-</span> 
     </span>
     <span class='ocr_line' id='line_1_126' title="bbox 1542 1869 1911 1909; baseline 0.003 -9"><span class='ocrx_word' id='word_1_446' title='bbox 1542 1869 1643 1907; x_wconf 82' lang='lat' dir='ltr'>torini,</span> <span class='ocrx_word' id='word_1_447' title='bbox 1666 1869 1766 1909; x_wconf 82' lang='lat' dir='ltr'>Alepi,</span> <span class='ocrx_word' id='word_1_448' title='bbox 1789 1869 1911 1901; x_wconf 75' lang='lat' dir='ltr'>Naxiae.</span> 
     </span>
    </p>
   </div>
   <div class='ocr_carea' id='block_1_54' title="bbox 1525 2046 2146 2355">
    <p class='ocr_par' dir='ltr' id='par_1_56' title="bbox 1525 2046 2145 2088">
     <span class='ocr_line' id='line_1_127' title="bbox 1525 2046 2145 2088; baseline 0 -10"><span class='ocrx_word' id='word_1_449' title='bbox 1525 2047 1560 2078; x_wconf 90' lang='lat' dir='ltr'>In</span> <span class='ocrx_word' id='word_1_450' title='bbox 1583 2046 1752 2087; x_wconf 76' lang='lat' dir='ltr'>Abyssinia</span> <span class='ocrx_word' id='word_1_451' title='bbox 1773 2056 1828 2088; x_wconf 83' lang='lat' dir='ltr'>per</span> <span class='ocrx_word' id='word_1_452' title='bbox 1848 2047 1964 2088; x_wconf 86' lang='lat' dir='ltr'>priores</span> <span class='ocrx_word' id='word_1_453' title='bbox 1986 2048 2025 2078; x_wconf 88' lang='grc'>50</span> <span class='ocrx_word' id='word_1_454' title='bbox 2047 2057 2145 2079; x_wconf 87' lang='lat' dir='ltr'>annos</span> 
     </span>
    </p>

    <p class='ocr_par' dir='ltr' id='par_1_57' title="bbox 1541 2091 2146 2355">
     <span class='ocr_line' id='line_1_128' title="bbox 1543 2091 2146 2123; baseline 0 0"><span class='ocrx_word' id='word_1_455' title='bbox 1543 2091 1645 2123; x_wconf 83' lang='lat' dir='ltr'>saeculi</span> <span class='ocrx_word' id='word_1_456' title='bbox 1669 2091 1773 2123; x_wconf 83' lang='lat' dir='ltr'>XVII.</span> <span class='ocrx_word' id='word_1_457' title='bbox 1802 2091 1921 2123; x_wconf 86' lang='lat' dir='ltr'>fructus</span> <span class='ocrx_word' id='word_1_458' title='bbox 1949 2092 2057 2123; x_wconf 74' lang='lat' dir='ltr'>uberes</span> <span class='ocrx_word' id='word_1_459' title='bbox 2085 2091 2146 2123; x_wconf 91' lang='lat' dir='ltr'>col-</span> 
     </span>
     <span class='ocr_line' id='line_1_129' title="bbox 1542 2136 2145 2178; baseline 0.002 -11"><span class='ocrx_word' id='word_1_460' title='bbox 1542 2136 1732 2178; x_wconf 85' lang='lat' dir='ltr'>ligebantur;</span> <span class='ocrx_word' id='word_1_461' title='bbox 1760 2136 1826 2177; x_wconf 91' lang='lat' dir='ltr'>ipse</span> <span class='ocrx_word' id='word_1_462' title='bbox 1853 2136 2023 2178; x_wconf 88' lang='lat' dir='ltr'>imperator</span> <span class='ocrx_word' id='word_1_463' title='bbox 2050 2136 2145 2168; x_wconf 86' lang='lat' dir='ltr'>Melec</span> 
     </span>
     <span class='ocr_line' id='line_1_130' title="bbox 1542 2180 2143 2222; baseline 0 -10"><span class='ocrx_word' id='word_1_464' title='bbox 1542 2180 1667 2222; x_wconf 86' lang='lat' dir='ltr'>Segund</span> <span class='ocrx_word' id='word_1_465' title='bbox 1699 2180 1733 2222; x_wconf 86' lang='lat'>(†</span> <span class='ocrx_word' id='word_1_466' title='bbox 1766 2181 1856 2222; x_wconf 89' lang='lat'>1632)</span> <span class='ocrx_word' id='word_1_467' title='bbox 1888 2190 2054 2213; x_wconf 88' lang='lat' dir='ltr'>conversus</span> <span class='ocrx_word' id='word_1_468' title='bbox 2087 2184 2143 2212; x_wconf 86' lang='lat' dir='ltr'>est.</span> 
     </span>
     <span class='ocr_line' id='line_1_131' title="bbox 1542 2224 2143 2266; baseline -0.002 -10"><span class='ocrx_word' id='word_1_469' title='bbox 1542 2225 1586 2257; x_wconf 91' lang='lat' dir='ltr'>At</span> <span class='ocrx_word' id='word_1_470' title='bbox 1600 2234 1756 2257; x_wconf 88' lang='lat' dir='ltr'>successor</span> <span class='ocrx_word' id='word_1_471' title='bbox 1770 2225 1894 2266; x_wconf 86' lang='lat' dir='ltr'>Segund</span> <span class='ocrx_word' id='word_1_472' title='bbox 1911 2225 1952 2257; x_wconf 90' lang='lat' dir='ltr'>II.</span> <span class='ocrx_word' id='word_1_473' title='bbox 1969 2225 2001 2256; x_wconf 91' lang='lat' dir='ltr'>in</span> <span class='ocrx_word' id='word_1_474' title='bbox 2017 2224 2143 2256; x_wconf 86' lang='lat' dir='ltr'>exilium</span> 
     </span>
     <span class='ocr_line' id='line_1_132' title="bbox 1542 2269 2144 2308; baseline -0.002 -7"><span class='ocrx_word' id='word_1_475' title='bbox 1542 2269 1628 2301; x_wconf 85' lang='lat' dir='ltr'>misit</span> <span class='ocrx_word' id='word_1_476' title='bbox 1655 2269 1873 2308; x_wconf 88' lang='lat' dir='ltr'>missionarios,</span> <span class='ocrx_word' id='word_1_477' title='bbox 1913 2269 2008 2301; x_wconf 83' lang='lat' dir='ltr'>fidem</span> <span class='ocrx_word' id='word_1_478' title='bbox 2038 2269 2144 2301; x_wconf 88' lang='lat' dir='ltr'>catho-</span> 
     </span>
     <span class='ocr_line' id='line_1_133' title="bbox 1541 2314 1843 2355; baseline 0 -10"><span class='ocrx_word' id='word_1_479' title='bbox 1541 2314 1633 2346; x_wconf 88' lang='lat' dir='ltr'>licam</span> <span class='ocrx_word' id='word_1_480' title='bbox 1654 2314 1843 2355; x_wconf 85' lang='lat' dir='ltr'>proscripsit.</span> 
     </span>
    </p>
   </div>
   <div class='ocr_carea' id='block_1_55' title="bbox 1524 2535 2145 2622">
    <p class='ocr_par' dir='ltr' id='par_1_58' title="bbox 1524 2535 2145 2622">
     <span class='ocr_line' id='line_1_134' title="bbox 1524 2535 2145 2577; baseline -0.002 -9"><span class='ocrx_word' id='word_1_481' title='bbox 1524 2536 1600 2568; x_wconf 86' lang='lat'>1632</span> <span class='ocrx_word' id='word_1_482' title='bbox 1611 2536 1688 2568; x_wconf 89' lang='lat' dir='ltr'>Post</span> <span class='ocrx_word' id='word_1_483' title='bbox 1697 2546 1806 2577; x_wconf 87' lang='lat' dir='ltr'>pacem</span> <span class='ocrx_word' id='word_1_484' title='bbox 1817 2536 1902 2577; x_wconf 85' lang='lat' dir='ltr'>apud</span> <span class='ocrx_word' id='word_1_485' title='bbox 1912 2536 1942 2568; x_wconf 89' lang='lat' dir='ltr'>S.</span> <span class='ocrx_word' id='word_1_486' title='bbox 1955 2535 2145 2568; x_wconf 86' lang='lat' dir='ltr'>Germanum</span> 
     </span>
     <span class='ocr_line' id='line_1_135' title="bbox 1542 2580 2042 2622; baseline 0 -10"><span class='ocrx_word' id='word_1_487' title='bbox 1542 2580 1647 2622; x_wconf 85' lang='lat' dir='ltr'>magni</span> <span class='ocrx_word' id='word_1_488' title='bbox 1670 2590 1827 2612; x_wconf 87' lang='lat' dir='ltr'>successus</span> <span class='ocrx_word' id='word_1_489' title='bbox 1850 2581 1883 2612; x_wconf 92' lang='lat' dir='ltr'>in</span> <span class='ocrx_word' id='word_1_490' title='bbox 1907 2580 2042 2612; x_wconf 82' lang='lat' dir='ltr'>Ganada.</span> 
     </span>
    </p>
   </div>
   <div class='ocr_carea' id='block_1_56' title="bbox 1524 2757 2147 3065">
    <p class='ocr_par' dir='ltr' id='par_1_59' title="bbox 1524 2757 2147 3065">
     <span class='ocr_line' id='line_1_136' title="bbox 1524 2757 2147 2799; baseline -0.002 -10"><span class='ocrx_word' id='word_1_491' title='bbox 1524 2758 1601 2789; x_wconf 90' lang='lat'>1633</span> <span class='ocrx_word' id='word_1_492' title='bbox 1623 2757 1827 2790; x_wconf 84' lang='lat' dir='ltr'>Provincialis</span> <span class='ocrx_word' id='word_1_493' title='bbox 1851 2757 1993 2799; x_wconf 83' lang='lat' dir='ltr'>Japoniae</span> <span class='ocrx_word' id='word_1_494' title='bbox 2015 2757 2147 2789; x_wconf 76' lang='lat' dir='ltr'>Christo-</span> 
     </span>
     <span class='ocr_line' id='line_1_137' title="bbox 1543 2801 2147 2842; baseline -0.002 -8"><span class='ocrx_word' id='word_1_495' title='bbox 1543 2802 1654 2842; x_wconf 71' lang='lat' dir='ltr'>phoras</span> <span class='ocrx_word' id='word_1_496' title='bbox 1689 2802 1828 2834; x_wconf 80' lang='lat' dir='ltr'>Ferreira</span> <span class='ocrx_word' id='word_1_497' title='bbox 1860 2802 2025 2834; x_wconf 87' lang='lat' dir='ltr'>tormentis</span> <span class='ocrx_word' id='word_1_498' title='bbox 2057 2801 2147 2833; x_wconf 86' lang='lat' dir='ltr'>fossae</span> 
     </span>
     <span class='ocr_line' id='line_1_138' title="bbox 1543 2846 2147 2888; baseline 0.002 -12"><span class='ocrx_word' id='word_1_499' title='bbox 1543 2846 1645 2878; x_wconf 89' lang='lat' dir='ltr'>victus</span> <span class='ocrx_word' id='word_1_500' title='bbox 1660 2846 1755 2878; x_wconf 88' lang='lat' dir='ltr'>fidem</span> <span class='ocrx_word' id='word_1_501' title='bbox 1770 2847 1885 2878; x_wconf 88' lang='lat' dir='ltr'>deserit</span> <span class='ocrx_word' id='word_1_502' title='bbox 1899 2847 2007 2888; x_wconf 91' lang='lat' dir='ltr'>(quam</span> <span class='ocrx_word' id='word_1_503' title='bbox 2022 2849 2147 2887; x_wconf 86' lang='lat' dir='ltr'>aposta-</span> 
     </span>
     <span class='ocr_line' id='line_1_139' title="bbox 1543 2890 2146 2932; baseline -0.002 -10"><span class='ocrx_word' id='word_1_504' title='bbox 1543 2891 1621 2922; x_wconf 85' lang='lat' dir='ltr'>siam</span> <span class='ocrx_word' id='word_1_505' title='bbox 1654 2901 1748 2923; x_wconf 89' lang='lat' dir='ltr'>senex</span> <span class='ocrx_word' id='word_1_506' title='bbox 1780 2891 1961 2932; x_wconf 88' lang='lat' dir='ltr'>resipiscens</span> <span class='ocrx_word' id='word_1_507' title='bbox 1994 2890 2146 2931; x_wconf 88' lang='lat' dir='ltr'>martyrio</span> 
     </span>
     <span class='ocr_line' id='line_1_140' title="bbox 1543 2935 2147 2977; baseline -0.005 -10"><span class='ocrx_word' id='word_1_508' title='bbox 1543 2935 1637 2967; x_wconf 86' lang='lat' dir='ltr'>sarsit</span> <span class='ocrx_word' id='word_1_509' title='bbox 1654 2936 1754 2977; x_wconf 89' lang='lat'>1652).</span> <span class='ocrx_word' id='word_1_510' title='bbox 1779 2935 1877 2973; x_wconf 87' lang='lat' dir='ltr'>Quem</span> <span class='ocrx_word' id='word_1_511' title='bbox 1896 2945 1966 2967; x_wconf 90' lang='lat' dir='ltr'>cum</span> <span class='ocrx_word' id='word_1_512' title='bbox 1984 2936 2147 2966; x_wconf 84' lang='lat' dir='ltr'>Marcellus</span> 
     </span>
     <span class='ocr_line' id='line_1_141' title="bbox 1543 2980 2147 3012; baseline -0.002 -2"><span class='ocrx_word' id='word_1_513' title='bbox 1543 2981 1724 3011; x_wconf 74' lang='lat' dir='ltr'>Franciseus</span> <span class='ocrx_word' id='word_1_514' title='bbox 1735 2981 1875 3011; x_wconf 82' lang='lat' dir='ltr'>Mastrilli</span> <span class='ocrx_word' id='word_1_515' title='bbox 1888 2980 1995 3012; x_wconf 90' lang='lat' dir='ltr'>studet</span> <span class='ocrx_word' id='word_1_516' title='bbox 2021 2988 2147 3011; x_wconf 87' lang='lat' dir='ltr'>conver-</span> 
     </span>
     <span class='ocr_line' id='line_1_142' title="bbox 1543 3023 2144 3065; baseline -0.003 -9"><span class='ocrx_word' id='word_1_517' title='bbox 1543 3027 1618 3063; x_wconf 84' lang='lat' dir='ltr'>tere,</span> <span class='ocrx_word' id='word_1_518' title='bbox 1648 3024 1714 3065; x_wconf 88' lang='lat' dir='ltr'>ipse</span> <span class='ocrx_word' id='word_1_519' title='bbox 1744 3024 1877 3056; x_wconf 89' lang='lat' dir='ltr'>moritur</span> <span class='ocrx_word' id='word_1_520' title='bbox 1906 3027 2028 3065; x_wconf 86' lang='lat' dir='ltr'>martyr</span> <span class='ocrx_word' id='word_1_521' title='bbox 2058 3023 2144 3055; x_wconf 88' lang='lat'>1637.</span> 
     </span>
    </p>
   </div>
   <div class='ocr_carea' id='block_1_57' title="bbox 1799 3113 1857 3145">
    <p class='ocr_par' dir='ltr' id='par_1_60' title="bbox 1799 3113 1857 3145">
     <span class='ocr_line' id='line_1_143' title="bbox 1799 3113 1857 3145; baseline 0.017 -1"><span class='ocrx_word' id='word_1_522' title='bbox 1799 3113 1857 3145; x_wconf 88' lang='lat'>169</span> 
     </span>
    </p>
   </div>
  </div>
 </body>
</html>
