2372 3550
105 339 264 376 Hispania,
285 337 443 367 Lusitania

674 336 838 365 Germania

39 466 115 497 1799
146 464 271 497 Carolus
303 463 356 495 IV.
386 463 501 495 iterum
534 462 686 494 Existunt
723 461 864 503 Catalogi
901 460 988 493 Albae

58 510 200 542 admittit
243 507 423 549 Exjesuitas
468 507 499 538 in
543 507 664 538 Russz'oe
692 506 986 538 1775.1777.1783.

57 553 253 594 Hispaniam.
286 552 328 583 Hi
347 562 378 583 se
398 551 500 583 confe-

57 602 132 630 runt
148 598 181 629 in
199 597 358 635 Baeticam,
377 596 431 627 ubi
448 605 500 636 pe-

548 551 836 583 1786.1788—1820
844 551 988 591 (excepto

553 596 658 637 1813);
677 596 709 627 in
721 595 832 636 quibus
843 605 905 626 non
915 605 992 635 pau—

57 643 113 674 stis
134 645 302 684 grassatur,
327 650 389 682 qua
410 640 499 671 initio
554 651 591 672 ca
624 640 828 671 inveniuntur
862 639 990 670 nomina

57 687 131 718 anni
146 686 224 718 1800
240 685 372 726 amplius
388 685 425 715 27
441 684 499 715 Pa-

57 734 119 763 tres
143 729 320 770 consumpti
343 732 425 760 sunt.

37 819 98 851 Sed
118 828 199 850 anno
219 818 339 859 integro
360 817 498 848 nondum

57 863 160 904 elapso
183 862 354 894 imbecillus
377 871 431 893 rex
454 861 499 892 in—

57 908 169 939 ductus
186 911 233 939 est
244 907 285 938 ad
303 905 499 947 expellendos

57 952 159 984 denuo
177 951 282 983 Soeios
302 950 445 991 reliquos.

551 687 729 722 germanica
778 683 982 724 (hollandieas)

557 737 579 755 e.
599 736 623 762 g.
643 736 713 754 anno
734 727 913 753 1800—1801:

529 783 579 808 PP.
600 781 787 814 Abramsberg,
814 781 925 811 Gruber,
946 780 993 806 Ja-

556 817 622 848 ckel‚
672 817 841 850 Lamprecht,
884 815 992 847 Lo‘ffler‚

555 853 655 886 Meyer,
684 852 788 883 Moritz,
825 852 918 882 Thein,
941 851 993 877 Wi-

556 888 641 919 ckert,
662 888 816 922 Wissingen

530 943 607 967 coad.
616 941 730 972 Benner,
742 941 886 971 Burkhart,
900 940 991 971 Kuhn,

555 977 630 1008 Lieb,
647 977 744 1010 Neyer,
761 976 895 1010 Voegefin,
912 976 989 1009 Vogt.

532 1029 597 1055 1820
627 1030 677 1055 ΡΡ.
704 1028 857 1060 Bficlnnan,
894 1029 990 1059 Broch,

556 1065 659 1096 Feiner,
706 1065 850 1095 Kohlman,
892 1065 991 1098 Lange,

557 1101 690 1132 Schultze,
710 1100 821 1131 Steidle3

531 1155 615 1180 schol.
634 1153 779 1188 Bergman3

531 1208 608 1232 Coad.
623 1206 741 1237 Greiner,
756 1206 878 1237 Haesele,
889 1206 991 1237 Huber,

559 1241 668 1268 Lederle
686 1244 737 1268 etc.

38 1316 101 1348 De
138 1315 355 1348 societate
393 1313 498 1347 SSQ
532 1321 659 1348 Memoria
677 1322 784 1356 speciali
805 1321 899 1356 dignus
922 1321 994 1347 vide-

60 1367 211 1400 eurulis
233 1367 341 1400 Jesu
366 1370 397 1398 et
425 1366 502 1398 Pa-

59 1421 177 1452 trum
199 1419 335 1453 Fidei.

40 1508 127 1540 1794.
159 1508 187 1540 8.
218 1507 293 1549 Maj.
325 1509 450 1538 Carolus
471 1508 506 1537 de

60 1554 180 1589 Broglie
191 1556 223 1584 et
231 1554 363 1583 Eleonor
370 1553 406 1582 de
412 1554 507 1582 Tour-

60 1598 130 1634 nely
140 1596 276 1628 fundant
286 1596 318 1627 in
331 1596 436 1638 Belgio
452 1598 505 1627 So-

60 1643 202 1672 cietatem
219 1643 345 1672 Patrum
362 1642 505 1671 sacratis-

61 1687 130 1716 simi
143 1687 246 1716 Cordis
263 1687 348 1717 Jesu.
374 1684 506 1726 Expulsi

61 1730 101 1762 ab
129 1730 266 1762 exercitu
293 1729 375 1771 gallo
402 1740 506 1761 conse-

62 1774 133 1806 dere
146 1784 242 1816 prope
249 1774 424 1815 Augustam
433 1774 507 1805 Vin-

62 1818 231 1851 delicorum
245 1822 277 1850 et
291 1818 402 1850 deinde
416 1818 506 1850 Vien-

62 1873 110 1895 nae
121 1863 154 1895 in
165 1863 302 1901 Austria,
316 1863 373 1894 sub
386 1866 506 1904 protec—

63 1907 139 1939 trice
160 1907 259 1939 Maria
280 1907 381 1946 Anna,
405 1917 507 1939 sorore

63 1952 267 1993 imperatoris.

553 1360 598 1383 tur
616 1358 757 1392 Exjesuita
779 1358 909 1384 Hem-icus
926 1357 994 1383 Fon-

553 1395 631 1427 teyne,
649 1394 741 1425 (natus
760 1393 854 1428 Brugis
875 1393 914 1420 13.
932 1393 993 1419 Jan.

554 1429 628 1461 1746,
647 1429 713 1463 ingr.
729 1429 876 1455 Mechliniae
895 1430 919 1456 3.
935 1429 993 1455 Oct.

559 1465 644 1497 1764),
663 1467 725 1498 post
742 1465 842 1491 cladem
858 1465 996 1491 Societatis

554 1501 587 1526 ab
612 1500 733 1534 episeopo
758 1500 887 1534 Brugensi
911 1508 996 1527 sacer-

559 1536 606 1562 dos
619 1536 764 1563 ordinatus.
784 1536 835 1563 Hie
849 1545 918 1562 anno
932 1536 998 1563 1786

554 1572 582 1598 in
610 1572 761 1598 tirocinium
786 1572 995 1606 Diineburgense

555 1607 631 1634 venit
648 1608 671 1634 8.
687 1608 759 1641 Sept.
777 1608 840 1634 1787
857 1608 996 1641 professio-

553 1651 614 1669 nem
629 1645 644 1669 4
657 1645 781 1669 votorum
794 1643 867 1675 fecit,
888 1646 916 1669 et
930 1644 994 1669 1792

553 1687 570 1705 a
582 1679 685 1705 Vicario
698 1679 818 1705 Generali
834 1679 996 1705 Lenkiewicz

553 1715 580 1741 i.n
593 1715 803 1749 Neomagensem
824 1715 895 1748 apud
916 1715 996 1741 Bata—

554 1758 601 1776 vos
620 1750 791 1776 residentiam
811 1750 926 1777 directus
945 1753 995 1781 est,

554 1786 695 1820 adjuturus
733 1786 825 1812 Patres
855 1786 995 1812 Nicolaum

554 1822 665 1848 Pathuis
684 1823 712 1848 et
728 1821 850 1849 Huberti.
872 1821 996 1848 Patribus

554 1857 692 1891 Fonteyne
709 1859 737 1883 et
755 1857 857 1884 Adamo
872 1858 995 1888 Beckers„

554 1893 581 1919 in
596 1893 693 1919 Russia
706 1893 772 1920 1800
785 1893 881 1919 iterum
894 1893 921 1919 in
931 1894 957 1920 S.
970 1893 994 1919 J.

554 1929 678 1961 admisso,
706 1929 764 1962 jure
790 1929 885 1955 merito
912 1929 996 1963 prima

553 1965 693 1991 Societatis
706 1965 734 1991 in
749 1964 839 1999 Belgio
853 1964 997 1991 tribuenda

555 2003 596 2027 est
613 2000 783 2027 instauratio.

48 2412 155 2454 1797†
170 2412 277 2444 Eleon.
293 2412 330 2444 de
343 2412 508 2453 Tournely.
543 2410 592 2441 Jo.
639 2409 773 2451 Philipp.
820 2411 995 2447 Roothaan,

67 2457 131 2489 Sub
155 2466 327 2488 successore
351 2456 416 2497 ejus
441 2457 508 2489 Jos.

66 2501 184 2533 Davide
201 2501 301 2533 Varia
317 2501 348 2542 (†
368 2501 414 2532 19.
434 2501 508 2542 Apr.

69 2546 170 2587 1850),
197 2545 335 2577 Societas
360 2545 412 2577 SS.
441 2546 511 2577 Cor—

69 2590 126 2629 dis‚
147 2600 217 2622 oum
236 2590 325 2631 Papa
343 2589 375 2621 id
394 2590 512 2621 deside-

69 2638 161 2673 raret,
173 2644 238 2666 sese
249 2634 327 2666 1799
335 2634 437 2666 univit
443 2644 513 2666 cum

68 2681 210 2712 Patribus
232 2681 313 2711 fidei.

272 3121 331 3154 390

562 2458 672 2495 postea
702 2454 869 2492 Generalis,
900 2454 933 2485 in
964 2455 995 2486 C.

562 2498 800 2540 Duneburgensi
836 2499 882 2530 18.
920 2498 994 2530 Jun.

564 2543 642 2575 1804
669 2543 786 2585 incepit
811 2553 901 2574 suum
922 2543 996 2574 tiro-

565 2587 689 2620 ciuium.

756 3120 814 3153 391

1189 331 1302 368 Anglia

1130 707 1198 732 Alba
1215 707 1309 731 Russla.
1326 706 1402 732 1800.

1070 760 1097 785 C.
1112 758 1252 785 Polocense
1266 759 1305 792 (et
1319 757 1396 791 pr.)

1070 805 1097 829 c.
1112 802 1265 836 Diineburg.
1281 803 1320 835 (et
1335 801 1430 834 D3pb.)

1069 849 1097 874 G.
1124 846 1319 876 Mohileviense.
1348 845 1463 871 Mscisla-

1036 883 1134 913 viense,
1148 882 1267 913 Orsense,
1282 881 1462 912 Vitebscense3

1069 928 1101 952 D.
1113 926 1242 960 Dagden.,
1254 925 1374 955 Puszen„
1387 924 1463 951 Chal-

1035 970 1116 993 czen.‚
1155 963 1343 991 Czeczerscen..
1383 960 1463 986 Lozo-

1035 998 1114 1029 vien„
1133 997 1248 1023 Rasnen.

1135 1042 1192 1067 Sao.
1261 1041 1294 1066 94

1135 1076 1221 1103 Schol.
1262 1077 1295 1102 74

1135 1112 1215 1139 Coad.
1262 1112 1295 1138 46

1313 1041 1329 1145 ἒ
1346 1076 1396 1101 214

1661 329 1821 358 Missiones
1842 328 1956 358 exterae

1506 455 1700 504 1793—1802
1716 454 1840 486 Hieron.
1860 454 1994 485 Delenda
2009 454 2052 495 (S.
2071 454 2125 495 J.),

1526 509 1573 530 Vir
1604 503 1772 540 „spectatae
1802 499 1929 530 virtutis
1960 502 1992 530 et
2021 499 2127 539 magni

1525 544 1659 582 meriti“,
1679 543 1802 575 nomine
1825 543 1855 574 S.
1875 542 2126 584 Congregationis

1527 588 1564 619 de
1589 588 1680 629 Prop.
1707 587 1783 619 Fide
1809 587 2008 618 administrat
2033 586 2128 618 eccle-

1527 632 1603 663 siam
1619 632 1648 664 S.
1666 632 1827 664 Benedicti
1841 631 1927 672 (olim
1942 631 1972 663 S.
1990 631 2034 672 J.)
2049 631 2127 662 Con-

1527 676 1732 718 stantinopoli
1748 676 1780 718 (†
1798 676 1897 715 1803).

1030 2411 1106 2443 1803
1117 2411 1205 2452 Papa
1214 2409 1416 2451 permittente
1427 2409 1481 2441 ali·
1515 2408 1601 2439 1803.
1617 2408 1664 2439 19.
1678 2407 1752 2439 Feb.
1788 2407 1825 2438 In
1838 2406 2035 2449 Marylandia
2046 2407 2138 2448 ΗΜ.

1050 2460 1127 2497 quot
1153 2455 1324 2496 Exjesuitae
1350 2458 1382 2486 et
1407 2454 1481 2485 novi

1049 2500 1208 2532 candidati
1252 2498 1401 2531 Societati
1449 2498 1481 2529 in

1050 2544 1163 2577 Russia
1201 2543 1359 2585 aggregati
1409 2546 1483 2574 sunt

1048 2589 1131 2621 inter
1175 2588 1252 2620 alios
1288 2587 1380 2629 Angli
1414 2589 1482 2619 Gul.

1054 2634 1226 2665 striekland
1239 2636 1271 2664 et
1281 2632 1483 2663 Marmaduke

1054 2679 1146 2709 stone
1157 2687 1228 2709 cum
1241 2677 1308 2708 aliis
1315 2677 1334 2707 8
1340 2676 1483 2717 professis

1050 2725 1083 2754 et
1103 2722 1141 2754 14
1161 2721 1403 2763 Coadjutoribus
1422 2720 1483 2751 for-

1050 2766 1144 2798 matis
1193 2765 1398 2807 (Stonyhurst
1435 2765 1482 2797 22.

1051 2811 1125 2852 Maj.
1142 2811 1242 2852 1803).

1241 3120 1300 3152 392

1535 2454 1670 2489 walton,
1687 2452 1758 2493 Exj.
1777 2451 1904 2493 Anglus,
1925 2451 1977 2493 qui
1994 2461 2049 2492 per
2066 2461 2137 2492 sup—

1534 2496 1697 2538 pressionis
1713 2500 1836 2537 tempus
1852 2496 1986 2528 fideliter
2001 2495 2136 2527 custodi-

1534 2545 1602 2572 erat
1617 2540 1821 2582 possessiones
1838 2540 1868 2572 S.
1887 2540 1916 2572 J.
1932 2541 1964 2572 in
1982 2540 2137 2571 America.

1795 3116 1854 3149 393
