2372 3550
1111 261 1144 297 7.
1177 259 1366 297 Scientia.

272 355 387 387 Joann.
412 355 550 395 Perrone,
574 360 639 388 nat.
664 357 709 388 11.
733 356 826 388 Mart.
850 356 937 394 1794,
960 356 1038 397 ingr.
1063 357 1110 388 10.
1135 356 1215 388 Nov.

194 400 271 431 1815
297 400 425 442 (Rom.)
464 400 483 441 †
509 400 611 432 Castel
637 400 792 432 Gandolfo
819 401 866 432 28.
893 400 972 442 Aug.
1000 402 1087 432 1876.

273 453 338 484 Jos.
366 453 522 494 Kleatyen,
556 453 729 485 Tremoniae
759 457 824 485 nat.
856 454 883 485 9.
912 454 996 495 Sept.
1025 454 1111 492 1811,
1139 454 1215 495 ingr.

194 497 242 530 28.
263 498 337 538 Apr.
361 498 449 536 1834,
471 498 491 539 †
512 498 557 529 13.
581 497 652 529 Jan.
676 499 753 529 1883
775 498 907 530 Kaltern
929 498 1058 539 (Tirol.).

273 552 360 582 card.
387 552 477 582 Joan.
500 552 535 583 B.
558 553 729 589 Franzelin‚
757 555 822 583 nat.
848 551 895 583 15.
918 551 993 592 Apr.
1023 552 1110 590 1816,
1138 552 1215 593 ingr.

197 595 244 627 27.
269 594 331 626 Jul.
356 595 434 626 1834
457 595 599 636 (Austr.),
623 595 642 637 †
666 595 773 628 Romae
797 597 843 628 11.
867 596 941 628 Dec.
966 596 1053 628 1886.

273 647 424 688 Josephus
441 648 474 679 de
489 648 630 687 Bonm'ot,
648 652 713 681 nat.
732 650 778 681 20.
797 649 871 690 Apr.
891 649 977 687 1831,
994 649 1071 690 ingr.
1091 649 1117 681 9.
1136 649 1215 690 Aug.

195 692 282 731 1858,
292 692 415 733 scripsit
432 692 552 733 optima
568 702 661 734 opera
676 703 767 734 super
778 693 1000 735 quaestionibus
1015 696 1123 725 nostro
1139 697 1218 725 tem-

193 746 267 778 pore
294 747 357 778 prae
385 737 493 769 ceteris
521 737 650 769 discutis
678 738 776 770 solitis
804 738 842 770 de
870 738 975 769 anima
1002 738 1150 776 humana,
1181 738 1218 769 de

193 781 349 812 miraculis
376 785 408 813 et
434 782 526 813 fact-is
553 782 852 823 supranaturalibus.
880 783 900 824 †
926 782 1052 814 Parisiis
1080 783 1127 814 19.
1157 782 1218 814 No-

194 825 328 857 vembris
350 826 437 858 1889.

272 885 445 915 Ludovicus
465 886 502 916 de
523 886 594 922 San,
618 888 683 916 nat.
706 885 752 917 20.
772 885 852 917 Nov.
876 884 962 923 1832,
979 885 1056 926 ingr.
1082 885 1128 917 11.
1147 884 1215 916 Oct.

195 927 271 959 1851
301 928 423 969 (Belg.),
453 928 473 969 †
503 928 636 960 Lovanii
665 929 711 961 15.
740 930 814 961 Dec.
847 929 933 961 1904.
981 929 1083 961 Juxta
1102 929 1218 961 multos

194 972 355 1014 theologus
380 973 535 1004 maximus
559 973 592 1004 in
615 974 764 1006 restituta
787 974 951 1006 Societate.

273 1028 454 1058 Dominicus
475 1029 629 1065 palmeri,
659 1031 724 1059 nat.
747 1028 774 1060 4.
798 1027 860 1059 5111.
884 1028 970 1066 1829,
992 1027 1069 1069 ingr.
1093 1027 1120 1059 6.
1143 1027 1216 1059 51111.

145 1102 152 1108 ,
198 1070 285 1109 1852,
309 1070 328 1112 †
352 1071 461 1102 Romae
484 1071 530 1103 25.
555 1071 630 1113 Maj.
656 1072 742 1104 1909.

272 1125 441 1154 Gulielmus
454 1126 607 1161 Wilmcrs‚
621 1125 717 1156 Bokae
730 1125 845 1166 (Buke)
858 1124 891 1156 in
904 1124 1066 1163 Vestfalia,
1080 1125 1128 1157 30.
1144 1124 1217 1157 53111.

196 1168 272 1199 1817
287 1171 390 1206 natus,
405 1168 482 1210 ingr.
499 1168 599 1210 Brigae
613 1170 660 1201 29.
676 1170 761 1210 Sept.
778 1170 864 1208 1834,
880 1180 935 1211 per
948 1179 1046 1201 annos
1062 1170 1219 1201 1854—69

193 1212 224 1252 (2
255 1212 344 1244 annis
376 1213 526 1254 exceptis)
557 1214 665 1245 docuit
694 1213 923 1255 philosophiam
956 1217 987 1246 et
1018 1214 1216 1256 theologiam.

194 1257 343 1288 Interfuit
367 1261 404 1288 ut
428 1257 589 1299 theologus
607 1258 779 1290 Cardinalis
797 1258 914 1291 Geissel
939 1258 1067 1290 concilio
1092 1259 1218 1300 provin-

194 1301 264 1332 ciali
290 1301 463 1333 Coloniensi
490 1302 568 1333 1860
595 1306 627 1334 et
654 1303 811 1334 1869—70
838 1303 973 1335 Concilio
1001 1303 1155 1335 Vaticano
1182 1307 1219 1335 ut

193 1345 355 1387 theologus
384 1346 497 1378 Vicarii
525 1357 574 1388 ap.
604 1347 838 1388 Bombayensis.
885 1348 1088 1379 Celebrantur
1116 1348 1217 1380 adhuc

194 1390 261 1431 ejus
277 1390 456 1428 „Manualia
470 1391 645 1433 religionis“
661 1392 838 1433 (Lehrbuch
854 1392 908 1424 der
923 1392 1079 1434 Religion;
1095 1393 1114 1424 4
1128 1392 1216 1431 tomi,

194 1435 211 1465 7
220 1435 304 1473 edit,
320 1439 352 1467 et
362 1435 591 1477 Kurzgefasstes
602 1436 782 1468 Handbuch
796 1437 825 1469 d.
842 1437 930 1469 kath.
946 1437 1098 1478 Religion,
1113 1438 1132 1468 4
1145 1437 1216 1479 ed.).

191 1479 503 1556 graesstffierealgsggipsit
530 1491 624 1522 opera
653 1481 854 1523 apologetica.
896 1481 984 1514 Obiit
1011 1482 1218 1513 Ruremondae

215 1550 221 1556 .
283 1534 323 1565 aJ.
432 1551 437 1557 .

290 1634 327 1668 b.
352 1634 589 1676 'theolog-ia
612 1635 805 1676 positiva
830 1636 873 1668 01
896 1636 1121 1677 polemica.

273 1704 308 1736 B.
340 1706 448 1736 Petrus
477 1707 615 1736 canisius
643 1706 774 1738 haeresin
804 1706 1000 1747 oppugnavit
1029 1716 1092 1738 non
1122 1706 1218 1738 verbo

194 1752 330 1787 tantum,
353 1749 407 1781 sed
429 1750 524 1781 etiam
546 1750 669 1792 scriptis
691 1750 806 1783 solidis.
829 1751 848 1792 †
870 1751 957 1783 1597.

271 1804 432 1839 Gregorius
450 1813 470 1835 a
489 1805 630 1835 Valentia
649 1803 733 1845 (vide
754 1803 858 1836 Theol.
886 1804 1056 1846 scholast).
1089 1804 1109 1846 †
1129 1804 1215 1836 1603.

272 1854 426 1888 Antonius
446 1856 639 1895 Possevinus,
659 1857 799 1889 Mantuae
818 1860 911 1889 natus
931 1857 1018 1896 1533,
1039 1857 1217 1889 novembris

194 1899 271 1931 1559
290 1899 379 1941 ingr.,
400 1901 433 1932 in
453 1901 613 1933 Sabaudia
632 1905 664 1933 et
683 1905 793 1943 postea
812 1912 867 1943 per
887 1902 925 1933 10
946 1912 1043 1934 annos
1063 1902 1095 1933 in
1116 1901 1218 1934 Gallia

193 1944 394 1985 impugnator
423 1945 609 1978 fortissimus
640 1946 865 1984 haereticorum,
897 1957 975 1988 quos
1007 1946 1215 1985 concionibus,

194 1988 326 2030 scriptis,
344 1989 609 2031 disputationibus
627 1991 812 2023 confutavit.
830 1991 921 2023 Anno
939 1991 1017 2022 1573
1034 1991 1216 2023 secretarius

193 2033 227 2065 P.
251 2033 436 2066 Mercuriani
457 2035 569 2073 factus,
593 2035 647 2067 sed
667 2035 686 2067 5
708 2035 797 2067 annis
818 2039 892 2077 post
913 2045 932 2067 a
953 2035 1098 2077 Gregorio
1120 2035 1214 2067 XIII.

194 2077 234 2109 ad
268 2088 397 2119 magnas
434 2079 646 2120 expeditiones
682 2080 867 2121 apostolicas
902 2080 1013 2112 missus
1050 2084 1097 2112 est
1132 2080 1216 2120 (vide

193 2122 294 2163 ipsam
318 2124 489 2165 synopsin).
514 2124 534 2165 †
557 2124 704 2156 Ferrariae
728 2125 775 2156 26.
800 2124 874 2157 Feb.
900 2125 987 2156 1611.

274 2175 381 2208 Petrus
406 2176 519 2219 Searya
544 2177 629 2218 (vide
655 2177 845 2219 Conciones).
871 2177 891 2219 †
916 2178 1003 2209 1612.

273 2233 349 2265 Ven.
376 2233 593 2267 Robertus
628 2235 933 2275 Bellen-minus,
966 2238 1060 2266 natus
1088 2236 1115 2267 4.
1146 2235 1214 2267 Oct.

195 2277 271 2308 1542
297 2277 330 2308 111
355 2278 462 2310 Monte
487 2278 643 2311 Politiano
668 2279 701 2310 in
726 2278 924 2318 Florentinis,
951 2280 998 2311 21.
1026 2279 1111 2321 Sept.
1139 2280 1217 2311 1560

194 2321 282 2362 ingr.,
302 2322 458 2354 1563—67
476 2323 633 2365 magister,
653 2323 724 2355 dein
743 2323 899 2355 studiosus
917 2324 1089 2365 theologiae,
1110 2324 1217 2356 docuit

195 2366 273 2397 1570
304 2366 444 2405 Lovanii,
478 2367 532 2399 ubi
564 2368 739 2409 composuit
769 2368 1006 2409 grammaticam
1038 2369 1216 2400 hebraicam

196 2413 228 2441 et
249 2420 325 2451 opus
348 2411 407 2450 „de
428 2411 636 2453 Scriptoribus
659 2412 902 2444 ecclesiasticis“.
947 2413 983 2444 In
1006 2413 1132 2455 collegio
1155 2413 1217 2445 Ro-

194 2464 287 2486 mano
311 2465 365 2496 per
389 2456 425 2487 11
450 2466 546 2488 annos
569 2456 645 2498 legit
668 2457 705 2489 de
729 2457 956 2495 controversiis,
981 2457 1083 2489 factus
1107 2461 1217 2498 postea

195 2502 296 2530 rector
312 2499 364 2538 ib.,
385 2504 416 2532 et
433 2500 635 2533 Provincialis
654 2501 762 2543 Neap,
782 2501 859 2533 1599
878 2501 1058 2540 Cardinalis,
1079 2502 1216 2533 1603—5

195 2543 452 2585 Archiepiscopus
472 2545 646 2586 Capuanus.
684 2546 799 2587 Magna
817 2556 887 2577 cum
907 2546 1073 2578 devotione
1092 2546 1216 2578 adstitit

196 2587 324 2619 Summo
345 2589 494 2621 Pontifici
521 2590 553 2621 in
582 2590 794 2622 controversia
828 2600 898 2621 cum
926 2590 1086 2631 republica
1095 2590 1216 2623 Veneta

196 2635 229 2663 et
247 2642 317 2663 cum
337 2632 455 2665 Jacobo
474 2643 545 2675 rege
563 2634 690 2676 Angliae.
711 2635 730 2676 †
750 2634 858 2666 Romae
878 2636 924 2666 17.
945 2635 1029 2676 Sept.
1051 2635 1138 2667 1621.

275 2691 425 2720 Martinus
456 2692 596 2722 Becanus
627 2691 797 2733 (Verbeeck
828 2691 878 2723 vel
909 2702 971 2724 van
1004 2692 1058 2723 der
1089 2692 1213 2734 Beeck),

196 2736 261 2765 nat.
285 2734 362 2765 1561
384 2734 417 2766 in
440 2734 685 2768 Hilverenbeeck
712 2736 744 2767 in
767 2736 941 2768 Brabantia
969 2736 1214 2777 septentrionali,

197 2777 274 2809 1583
301 2777 389 2820 ingr,
419 2779 526 2811 docuit
552 2790 607 2820 per
634 2781 671 2811 22
701 2790 797 2812 annos
826 2781 1013 2822 theologiam
1043 2781 1214 2822 Herbipoli,

196 2821 374 2863 Moguntiae,
400 2823 532 2865 denique
555 2824 691 2863 Viennae,
716 2825 770 2856 ubi
792 2825 811 2866 †
835 2826 881 2857 22.
907 2825 979 2857 53111.
1005 2826 1090 2857 1624.

274 2879 518 2912 Ludovieus
548 2880 791 2921 Riehcssmc,
824 2886 889 2914 nat.
914 2883 990 2913 1544
1023 2883 1055 2913 in
1089 2882 1216 2914 131111011-

197 2922 276 2954 sium
312 2923 440 2956 civitate
475 2924 611 2966 (Digne),
647 2926 724 2967 ingr.
760 2926 807 2958 25.
842 2926 904 2958 5111.
940 2926 1026 2964 1565,
1063 2926 1109 2958 bis
1142 2927 1216 2959 Pro-

197 2967 338 2999 vincialis
365 2967 506 3009 Lugdun.
535 2969 626 3009 (1586
653 2974 685 3001 01
712 2970 811 3011 1605),
840 2970 934 3002 semel
959 2971 1147 3012 Aquitaniae,
1177 2971 1216 3003 ab

198 3011 368 3053 aequalibus
394 3012 517 3051 „Cicero
541 3013 661 3055 gallus“
687 3014 871 3056 appellatus,
896 3015 1052 3057 ingeniose
1077 3015 1217 3047 defendit

676 3101 735 3134 615

1263 356 1358 388 fidem
1377 356 1562 388 catholicam
1581 360 1690 389 contra
1707 357 1905 391 Calvinianos
1924 361 1956 390 et
1972 358 2161 391 Societatem
2179 362 2287 392 contra

1263 401 1413 433 inimicos.
1439 401 1459 442 †
1484 402 1530 433 15.
1557 401 1642 443 Sept.
1670 402 1755 434 1625.

1347 447 1482 476 Jaeohus
1501 448 1669 483 crematus,
1691 450 1756 479 nat.
1780 447 1857 478 1562
1879 447 2063 479 Markdorfii
2084 447 2186 489 (dioec.
2210 448 2286 481 Con-

1264 490 1466 531 stantiensis),
1490 491 1536 522 24.
1561 490 1629 522 Oct.
1654 491 1730 522 1578
1751 491 1841 533 ingr„
1865 492 2049 533 Ingolstadii
2069 492 2088 523 3
2111 492 2200 524 annis
2219 493 2287 534 phi-

1263 534 1436 575 losophiam
1454 535 1570 573 docuit,
1593 535 1670 566 1592
1694 536 1875 567 cathedram
1890 536 1925 568 P.
1949 536 2089 578 Gregorii
2109 547 2128 568 a
2144 537 2288 569 Valentia

1264 578 1411 617 obtinuit,
1454 579 1503 610 cui
1545 580 1622 610 1605
1663 580 1868 619 renunciavit,
1911 584 1948 612 ut
1985 584 2089 613 totum
2128 581 2287 623 scriptioni

1264 633 1295 655 se
1310 623 1407 655 daret.
1435 623 1478 655 At
1491 624 1604 655 iterum
1620 624 1816 656 1609—1615
1830 625 2019 667 theologiam
2034 629 2066 657 et
2079 629 2148 657 tum
2163 625 2287 667 quidem

1264 667 1412 699 moralem
1427 668 1582 709 professus
1604 672 1659 707 est,
1691 672 1834 700 strenuus
1855 679 1910 711 per
1938 673 2039 702 totam
2065 670 2166 702 vitam
2193 680 2289 712 oppu-

1263 715 1379 753 gnator
1397 713 1657 753 protestantismi.
1695 713 1715 754 †
1735 713 1917 755 Ingolstadii
1937 715 1983 746 28.
2004 714 2076 747 Jan.
2097 715 2184 748 1625.

1347 768 1529 802 Franciseus
1551 770 1710 809 Garassus,
1735 774 1801 802 nat.
1827 771 1914 810 1584,
1939 771 2016 813 ingr.
2042 772 2089 804 18.
2111 772 2179 804 Oct.
2199 773 2285 811 1610,

1265 823 1370 845 curam
1397 814 1461 855 egit
1486 815 1714 855 pestiferorum,
1741 815 1906 857 apologeta
1930 815 2133 858 infatigabilis
2160 820 2192 849 et
2215 817 2289 849 hinc

1264 857 1336 890 inde
1358 858 1449 890 nimis
1472 859 1609 891 acerbus.
1632 860 1652 901 †
1673 860 1720 891 14.
1744 860 1817 891 Jun.
1841 860 1928 892 1631.

1344 915 1481 947 Adamas
1510 915 1647 955 Gontzen,
1676 920 1742 948 nat.
1772 917 1849 948 1575
1871 917 2001 959 Monjoy
2027 917 2061 949 in
2085 917 2180 958 5111131,
2208 918 2286 961 ingr.

1266 959 1352 998 1595,
1374 960 1471 992 lector
1491 961 1521 992 S.
1544 961 1711 1002 Scripturae
1731 961 1909 1003 Moguntiae,
1932 972 1951 993 a
1972 962 2161 995 Bellarrnino
2181 963 2288 1006 magni

1265 1004 1451 1043 aestimatus3
1481 1005 1545 1037 sine
1572 1005 1799 1038 intermissione
1827 1007 1982 1048 pugnavit
2008 1010 2119 1039 contra
2145 1007 2288 1041 doctores

1266 1048 1550 1091 Heidelbergenses.
1579 1050 1599 1091 †
1625 1050 1783 1082 Monachii
1810 1051 1857 1083 19.
1887 1051 1960 1083 Jun.
1990 1051 2076 1084 1635.

1346 1107 1453 1139 Petrus
1471 1107 1654 1146 Pazmomus,
1672 1108 1699 1140 4.
1718 1108 1786 1140 Oct.
1805 1108 1883 1140 1570
1899 1112 1992 1141 natus
2008 1109 2042 1140 in
2057 1109 2288 1143 Grosswardein

1265 1151 1428 1193 (Varadini
1456 1152 1605 1194 majoris),
1638 1162 1719 1184 anno
1749 1152 1851 1184 aetatis
1882 1153 1928 1185 13.
1960 1164 1998 1185 ex
2027 1153 2210 1187 Calviniano
2240 1165 2290 1187 ca-

1265 1195 1398 1228 tholicus
1427 1199 1458 1228 et
1485 1197 1563 1228 1587
1591 1197 1721 1229 Jesuita.
1777 1198 1824 1229 21.
1853 1197 1927 1239 Apr.
1957 1198 2035 1229 1616
2063 1209 2134 1230 curn
2160 1198 2290 1232 licentia

1264 1241 1427 1273 Pontiiicis
1447 1241 1487 1272 ad
1505 1241 1667 1273 Somascos
1687 1252 1718 1273 se
1737 1241 1880 1280 contulit,
1900 1252 1956 1274 nec
1975 1245 2082 1275 tamen
2101 1243 2186 1285 apud
2203 1243 2288 1286 ipsos

1263 1285 1405 1318 intravit.
1419 1286 1466 1318 21.
1480 1286 1561 1318 Nov.
1577 1286 1654 1318 1616
1665 1286 1923 1328 Archiepiscopus
1935 1287 2153 1329 Strigoniensis
2165 1288 2287 1330 (Gran),

1265 1330 1390 1362 dotavit
1428 1330 1673 1362 Universitatem
1713 1331 1956 1372 Tyrnaviensem
1995 1332 2287 1375 (Nagy-Szombat),

1264 1374 1411 1406 fundavit
1446 1375 1653 1406 Seminarium
1688 1375 1899 1407 Pazmaneum
1935 1376 2062 1408 Viennae
2097 1380 2130 1409 et
2164 1380 2287 1410 creatus

1264 1419 1436 1451 Cardinalis
1462 1420 1509 1451 19.
1536 1420 1616 1452 Nov.
1644 1420 1731 1459 1629,
1757 1420 1777 1461 †
1801 1420 1928 1452 Posonii
1954 1421 2001 1453 19.
2027 1421 2121 1454 Mart.
2148 1422 2236 1455 1637.

1343 1476 1577 1518 Dionysius
1616 1478 1840 1518 Petavius,
1869 1478 2009 1519 (Petau),
2037 1482 2102 1511 nat.
2132 1479 2179 1511 21.
2206 1478 2287 1521 Aug.

1264 1521 1341 1552 1583
1372 1520 1540 1559 Aureliani,
1572 1521 1688 1553 ibidem
1718 1522 1783 1563 jam
1814 1522 1990 1561 canonicus,
2023 1523 2070 1555 15.
2102 1523 2177 1556 Jun.
2210 1524 2288 1556 1605

1264 1565 1376 1597 Nancii
1397 1565 1475 1607 ingr.
1501 1569 1548 1597 est
1571 1565 1768 1598 Societatem.
1817 1567 1944 1599 Rhemis
1969 1570 2000 1599 et
2022 1567 2055 1599 in
2080 1567 2131 1607 „la
2152 1567 2288 1601 ΕΙό0110“

1262 1620 1318 1651 per
1347 1609 1463 1641 multos
1496 1620 1593 1641 annos
1626 1610 1733 1642 docuit
1763 1611 1960 1650 rhetoricam,
1993 1612 2076 1644 unde
2106 1612 2288 1654 praeclaram

1262 1654 1439 1696 linguarum
1475 1655 1622 1686 notitiam
1658 1655 1835 1697 acquisivit,
1872 1659 1905 1688 et
1939 1656 2042 1688 factus
2078 1657 2155 1689 1621
2190 1656 2289 1690 lector

1263 1699 1293 1731 S.
1320 1699 1488 1740 Scripturae
1512 1703 1544 1731 et
1568 1699 1731 1741 theologiae
1756 1700 1940 1741 dogmaticae
1963 1700 2099 1740 Parisiis,
2124 1701 2158 1733 in
2182 1701 2288 1734 studia

1264 1743 1359 1775 etiam
1383 1743 1600 1785 chronologica
1623 1747 1654 1776 et
1686 1744 1835 1777 historica
1867 1745 2005 1777 maximo
2039 1756 2110 1777 cum
2144 1756 2287 1779 successu

1262 1788 1414 1827 incubuit,
1446 1788 1641 1830 oppugnavit
1667 1789 1863 1831 rigorismum
1892 1793 1924 1822 et
1952 1799 2066 1822 errores
2095 1790 2287 1833 dogmaticos

1263 1832 1447 1874 emergentis
1478 1832 1676 1865 Jansenismi.
1737 1834 1798 1865 Sed
1828 1837 1999 1876 antequam
2028 1845 2178 1877 magnum
2209 1845 2286 1877 opus

1263 1877 1485 1919 dogmaticum,
1512 1877 1545 1908 in
1565 1888 1625 1919 quo
1648 1877 1774 1919 copiosa
1794 1878 1860 1920 ejus
1886 1878 2016 1911 scientia
2034 1879 2172 1921 positiva
2195 1879 2285 1920 latet,

1262 1921 1410 1963 perficere
1432 1925 1538 1963 posset
1560 1922 1580 1964 †
1602 1922 1729 1954 Parisiis
1754 1923 1801 1955 11.
1825 1923 1900 1955 Dec.
1925 1924 2011 1955 1652.

1341 1979 1524 2011 Laurentius
1544 1979 1695 2018 Forerz'us,
1715 1980 1863 2012 Lucernae
1880 1984 1973 2013 natus
1992 1981 2079 2019 1580,
2098 1981 2176 2023 ingr.
2196 1981 2285 2021 1600,

1261 2023 1416 2064 professus
1448 2027 1495 2055 est
1524 2024 1754 2065 philosophiam
1786 2025 1804 2056 6
1835 2025 1933 2064 annis,
1966 2025 2155 2067 theologiam
2184 2036 2287 2059 mora-

1261 2068 1321 2099 lem
1347 2068 1375 2107 3,
1402 2068 1585 2109 polemicam
1612 2069 1639 2107 6,
1667 2068 1839 2110 complures
1866 2080 1963 2101 annos
1990 2073 2058 2102 erat
2082 2070 2285 2103 cancellarius

1260 2112 1436 2144 Academiae
1462 2112 1647 2155 Dilinganae,
1676 2113 1748 2145 dein
1777 2114 1892 2145 Rector
1919 2114 2131 2154 Lucemensis,
2160 2114 2286 2157 scripsit

1261 2157 1362 2188 multa
1375 2167 1468 2198 opera
1481 2161 1590 2189 contra
1601 2161 1821 2199 protestantes.
1835 2158 1855 2200 †
1868 2159 2050 2191 Ratisbonae
2064 2160 2091 2191 7.
2106 2159 2179 2192 Jan.
2195 2159 2283 2193 1659.

1341 2216 1526 2252 Theophilus
1542 2216 1704 2252 Raynaud,
1721 2218 1786 2247 nat.
1805 2215 1892 2254 1587,
1910 2215 1987 2257 ingr.
2007 2216 2084 2248 1602
2102 2216 2165 2257 (Pr.
2183 2217 2285 2259 Lgd.),

1262 2258 1423 2300 theologus
1453 2259 1603 2298 eruditus,
1632 2259 1763 2301 impiger
1798 2263 1833 2291 at
1866 2261 1997 2292 mordax
2033 2260 2177 2293 defensor
2205 2261 2287 2294 veri-

1262 2303 1346 2335 tatis.
1370 2303 1389 2344 †
1411 2303 1556 2344 Lugduni
1578 2304 1626 2335 31.
1650 2303 1719 2336 Oct.
1744 2305 1830 2337 1663.

1342 2364 1524 2397 Franciseus
1551 2365 1702 2405 Anneius,
1731 2369 1795 2398 nat.
1824 2366 1853 2398 5.
1882 2366 1956 2398 Feb.
1985 2366 2064 2398 1590
2089 2366 2122 2398 in
2149 2366 2285 2410 Estaing

1260 2419 1357 2451 prope
1375 2409 1483 2441 Annat
1502 2410 1684 2452 (Aveyron),
1704 2410 1781 2452 ingr.
1795 2411 1842 2443 16.
1861 2411 1935 2443 Feb.
1957 2411 2043 2450 1607,
2065 2411 2173 2443 docuit
2192 2412 2211 2444 6
2230 2421 2286 2444 an-

1261 2454 1307 2485 nis
1333 2454 1562 2495 philosophiam
1588 2458 1620 2486 et
1646 2456 1662 2486 7
1689 2455 1877 2497 theologiam
1904 2455 2021 2487 Tolosae
2046 2458 2078 2487 et
2102 2456 2285 2488 muneribus

1260 2498 1397 2537 rectoris,
1425 2498 1608 2530 Assistentis
1636 2498 1752 2538 Gafliae,
1782 2503 1814 2531 et
1840 2499 2043 2531 Provincialis
2070 2500 2198 2532 functus
2226 2503 2284 2533 est.

1260 2543 1309 2574 Ab
1346 2552 1427 2574 anno
1463 2543 1620 2574 1654—70
1655 2543 1858 2576 confessarius
1894 2547 1962 2576 erat
1995 2544 2148 2576 Ludovici
2182 2544 2283 2584 XIV.,

1260 2597 1339 2619 unus
1374 2597 1412 2619 ex
1445 2587 1599 2619 acerrimis
1633 2588 1883 2620 Jansenistarum
1917 2588 2112 2621 adversariis.
2146 2588 2166 2630 †
2198 2589 2286 2621 Pari-

1260 2632 1312 2663 siis
1335 2632 1382 2664 14.
1408 2632 1481 2663 Jun.
1506 2632 1593 2664 1670.

1338 2689 1473 2721 Joannes
1486 2689 1648 2728 Ferrarius,
1669 2693 1735 2722 nat.
1758 2690 1804 2722 20.
1826 2690 1897 2723 Jan.
1922 2690 2009 2729 1614,
2033 2690 2112 2732 ingr.
2133 2691 2181 2722 22.
2208 2690 2284 2732 Apr.

1260 2733 1348 2772 1632,
1377 2733 1581 2765 confessarius
1609 2733 1762 2766 Ludovici
1787 2734 1874 2767 XIV.
1903 2735 1990 2774 1670,
2019 2744 2101 2766 anno
2129 2734 2209 2766 1663
2236 2745 2285 2767 ac—

1260 2778 1343 2819 cepit
1362 2778 1548 2809 mandatum
1569 2778 1728 2810 tractandi
1754 2788 1863 2820 pacem
1891 2789 1961 2811 curn
1989 2778 2144 2820 capitibus
2173 2779 2285 2811 5311100-

1260 2822 1422 2854 nistarum.
1454 2822 1524 2854 Non
1540 2826 1607 2854 erat
1622 2822 1688 2863 ejus
1704 2822 1804 2864 culpa,
1823 2823 1907 2865 quod
1921 2823 2119 2855 conferentiae
2133 2823 2285 2856 carebant

1262 2876 1412 2899 successu.
1435 2866 1454 2908 †
1475 2867 1522 2898 29.
1546 2867 1614 2898 Oct.
1639 2867 1725 2899 1674.

1343 2928 1431 2960 Vitus
1450 2928 1684 2967 Erbermamzus,
1704 2931 1769 2960 nat.
1789 2928 1835 2960 25.
1849 2928 1922 2970 Maj.
1943 2928 2020 2960 1597
2038 2928 2071 2960 in
2089 2928 2284 2961 Rentweins-

1261 2972 1331 3004 dorf
1362 2973 1465 3013 (dioec.
1498 2972 1676 3014 Bamberg.)
1708 2983 1727 3004 a
1757 2972 1938 3013 parentibus
1969 2972 2152 3005 lutheranis.
2206 2973 2284 3006 Gon-

1261 3026 1368 3049 versus
1389 3020 1421 3049 et
1440 3016 1628 3048 Societatem
1649 3017 1696 3049 30.
1717 3017 1792 3058 Maj.
1814 3017 1892 3049 1620
1911 3017 2065 3058 ingressus
2086 3017 2194 3050 docuit
2213 3017 2283 3059 phi-

1749 3104 1808 3136 616
