2372 3550
60 287 568 376 relictum.

58 433 568 491 restitutionem

604 431 1000 491 1773-1814.

124 602 284 639 Hispania,
305 602 463 633 Lusitania
460 570 538 677 ‘¹

695 603 860 632 Germania

1006 570 1100 677 L-
1203 603 1317 638 Anglia

1682 603 1842 633 missiones
1863 604 1979 633 extorae

56 730 215 762 Missiones
244 730 278 761 in
309 729 444 761 Brasilia
474 729 518 770 (in
553 729 589 760 In
627 729 789 761 Germania
828 729 1003 761 executioni
1039 729 1115 761 1773
1129 729 1192 770 jam
1206 729 1237 761 in
1251 740 1338 770 rayno
1356 729 1491 761 Polo‘niae
1527 729 1564 761 In
1582 729 1682 761 Chim
1698 729 1869 771 Exjesuitae
1886 730 2040 762 consuetis
2058 732 2148 763 mini-

77 774 202 806 coloniis
214 774 368 815 lusitanis)
381 778 412 805 et
425 774 457 805 in
470 784 519 805 cc-

75 819 165 851 loniis
190 819 329 859 hispanis
355 818 441 850 brevi
467 818 517 850 de-

75 863 285 901 struebantur,
322 873 392 894 cum
428 863 518 904 copia

75 908 265 940 Jesujtarum
273 907 441 948 ejectorum
452 917 515 938 non

74 955 180 994 posset
216 951 351 993 suppleri
388 961 516 983 numero

75 996 283 1038 operariorum
300 996 479 1028 sufficienti.

49 2463 125 2495 1777
142 2462 279 2504 Josepho
298 2462 321 2495 Ι.
341 2463 401 2504 (24.
420 2463 510 2506 Feb.)
544 2462 589 2495 Ut
599 2462 768 2505 plurimum
779 2463 952 2505 Exjesuitae
962 2464 995 2495 in
1029 2463 1149 2505 Analiae
1160 2464 1339 2506 Exjesustae,
1352 2475 1480 2497 numero

68 2507 225 2546 defuncto,
248 2517 267 2539 a
286 2509 385 2538 Maria
404 2509 511 2550 regina
563 2507 730 2540 Germania
755 2508 925 2540 servabant
951 2508 996 2540 vi-
1048 2508 1159 2540 saltem
1170 2510 1419 2551 121‚pergebant
1429 2520 1481 2541 cu-

562 2555 629 2584 tam
661 2562 856 2584 communem
889 2562 996 2594 perge·
1047 2562 1114 2584 ram
1148 2553 1322 2586 animarum
1356 2554 1479 2593 habere,

563 2596 702 2638 bantque
715 2606 840 2638 operam
847 2597 920 2629 dare
930 2607 996 2629 eru-
1048 2597 1243 2630 sacerdotum
1288 2598 1479 2630 saecularium

68 2551 247 2593 Exjesuitae,
276 2551 378 2584 adhuc
405 2562 510 2594 super-

68 2596 166 2634 stites,
178 2606 305 2628 numero
319 2596 367 2635 45,
379 2607 395 2628 e
409 2607 510 2629 carce-

67 2640 151 2672 ribus
164 2640 287 2673 liberati
300 2645 384 2674 sunt.

253 3128 312 3161 366

571 774 681 805 datum
716 778 764 806 est
798 774 897 806 Breve
931 784 1002 815 sup-

571 818 744 859 pressionis,
765 828 827 850 non
846 818 912 850 sine
931 818 1003 850 resi-

571 863 686 895 stentia
697 863 814 904 populi,
822 863 869 894 uti
875 873 899 894 e.
907 872 935 904 g.
943 862 1003 894 Lu-

570 917 681 945 cernae;
697 911 863 948 propterea
876 916 1002 949 genera-

569 951 626 983 tim
643 952 708 983 sine
724 952 822 993 rigore
840 951 1000 993 agebatur.

569 995 717 1034 Clemens,
740 996 873 1037 archiep.
897 996 1001 1027 Trevi-

569 1050 647 1072 rens.
671 1040 872 1072 exclamavit:
897 1040 1000 1079 „Ceci-

568 1085 616 1116 dit
627 1094 740 1116 corona
750 1084 861 1126 capitis
868 1085 965 1116 nostri
976 1085 1006 1116 !“

563 2641 683 2673 diendae
695 2641 856 2683 juventuti
870 2645 902 2673 et
915 2651 996 2674 curae

562 2686 747 2718 animarum.
819 2686 896 2718 Cum
932 2696 994 2718 non

562 2730 661 2762 multo
675 2734 747 2772 post
759 2730 829 2771 jura
840 2731 994 2772 primatus

561 2774 592 2807 S.
614 2774 701 2806 Sedis
722 2774 873 2807 violenter
893 2775 994 2817 impu-

561 2822 741 2860 gnarentur,
766 2819 835 2861 ipsi,
853 2823 890 2851 ut
903 2819 993 2852 Card.

560 2863 662 2895 Pacca
695 2866 840 2902 testatur,
875 2864 994 2896 studio-

561 2907 679 2940 sissime
694 2908 756 2940 ista
771 2908 992 2941 defendebant.

563 2952 615 2984 Ita
639 2962 664 2985 e.
689 2962 719 2994 g.
745 2952 812 2985 ch.
839 2952 994 2985 Amemus

559 2996 712 3039 Zallinqer
725 2997 758 3039 (†
771 2997 873 3040 1813).

737 3130 796 3163 367

1058 774 1231 805 executioni
1242 774 1411 806 mandatur
1418 774 1490 806 Bre-

1058 828 1095 849 ve
1126 818 1358 859 suppressionis‚
1397 819 1487 850 item-

1059 872 1118 903 que
1134 862 1167 893 in
1182 862 1312 894 Polonia
1334 863 1489 895 austriaca

1057 906 1210 949 (Galicia),
1236 911 1271 939 at
1293 916 1356 938 non
1379 908 1411 939 in
1436 909 1490 939 bo-

1056 953 1182 983 russioa.
1211 951 1391 983 Fredericus
1406 953 1488 984 enim

1058 995 1099 1027 ΙΙ.
1127 995 1288 1036 prohibuit
1313 997 1489 1038 promulga-

1056 1040 1182 1079 tionem,
1220 1050 1289 1082 quae
1324 1041 1402 1072 1780
1437 1041 1488 1073 de-

1055 1094 1141 1116 mum
1152 1084 1238 1116 facta
1249 1089 1304 1117 est.
1327 1085 1414 1117 Tunc
1425 1085 1489 1118 Ex-

1054 1128 1175 1169 ]'esuitae
1213 1134 1409 1161 accesserunt
1447 1131 1487 1162 ad

1056 1174 1193 1215 „regium
1224 1174 1409 1206 [nstitutum
1437 1174 1487 1206 lit-

1054 1218 1223 1249 terarium“
1236 1228 1255 1250 a
1266 1219 1394 1251 Jesuitis
1410 1220 1487 1251 1774

1053 1262 1085 1293 in
1102 1262 1210 1294 Silesia
1225 1262 1394 1295 formatum
1411 1263 1486 1304 (dis-

1054 1306 1190 1338 solutum
1208 1307 1307 1349 1811).

1048 2651 1141 2674 more.

1173 3104 1279 3163 *368

1546 774 1645 805 steriis
1666 784 1776 806 vacare
1796 775 1981 816 pergebant:
2002 776 2052 808 J0.
2079 777 2103 809 J
2105 787 2145 811 os.

1546 818 1592 850 M.
1604 818 1714 859 Amyot
1725 819 1836 850 studiis
1847 819 1909 851 suis
1921 820 1959 852 de
1969 820 2148 854 litteratura

1545 863 1665 894 Sinensi
1677 863 1754 895 bene
1765 864 1880 895 meruit
1890 864 1922 906 (†
1930 865 1957 897 8.
1966 865 2035 897 Oct.
2046 867 2144 908 1793).

1523 1129 1637 1161 Praeses
1671 1129 1835 1162 tribunalis
1871 1132 2068 1164 astronomiae
2100 1134 2146 1166 Si-

1541 1174 1645 1206 nensis
1660 1174 1736 1206 1773
1747 1178 1815 1207 erat
1824 1176 2015 1216 Auyustinus
2025 1176 2060 1208 de
2069 1177 2102 1209 H
2103 1179 2145 1210 al—

1543 1219 1661 1250 Zerstez'n
1673 1219 1705 1260 (†
1716 1219 1762 1251 29.
1772 1219 1840 1252 Oct.
1850 1221 1949 1261 1774),
1965 1221 2013 1252 cui
2027 1231 2145 1254 succes-

1541 1263 1582 1294 sit
1594 1262 1682 1295 Felix
1692 1263 1730 1295 da
1742 1263 1844 1296 Rocha
1856 1264 1888 1306 (†
1898 1265 1945 1297 22.
1957 1265 2031 1307 Maj.
2044 1267 2143 1309 1781).

1522 1351 1659 1384 Ultimus
1697 1352 1757 1384 hoc
1793 1363 1920 1385 munere
1955 1353 2146 1396 fungebatur

1540 1396 1706 1437 Exjesuita
1755 1399 1907 1436 Josephus
1953 1398 1981 1430 d'
2009 1401 2145 1438 Espinha

1539 1441 1571 1482 (†
1598 1441 1644 1474 10.
1672 1441 1735 1473 Jul.
1764 1442 1863 1484 1788).
1913 1442 1972 1475 Hic
1995 1462 2034 1467 —
2061 1446 2144 1486 quod

1542 1485 1678 1517 maxime
1700 1485 1877 1526 dolendum,
1896 1506 1934 1510 -
1954 1490 2143 1530 usurpando,

1539 1530 1663 1562 nomine
1698 1530 1845 1573 Episcopi
1875 1532 2056 1572 Macaensis,
2090 1534 2144 1566 ad-

1536 1574 1798 1607 ministrationem
1826 1576 2024 1619 episcopatus
2051 1578 2143 1610 Peki-

1535 1619 1638 1651 nensis
1659 1620 1742 1662 (quae
1760 1620 1940 1661 pertinebat
1966 1622 2006 1654 ad
2026 1623 2143 1664 episco-

1535 1673 1610 1705 pum
1654 1664 1895 1704 Nankinensem,
1933 1666 2142 1708 Exjesuitam,

1534 1706 1729 1751 Godelrv'dum
1750 1709 1786 1741 de
1805 1709 2060 1744 Laimbeekhoven
2071 1712 2091 1754 †
2104 1713 2142 1744 22

1535 1752 1610 1794 Maj.
1633 1753 1724 1795 1787)
1744 1754 1822 1786 1776
1842 1758 1952 1787 auctor
1971 1755 2074 1788 factus
2094 1761 2142 1789 est

1535 1797 1704 1830 schismatis
1719 1798 1909 1838 Pekinensss,
1922 1800 2006 1842 quod
2015 1800 2140 1834 27‚Jan.

1536 1842 1613 1873 1785
1635 1842 1761 1875 demum
1777 1843 1936 1876 sublatum
1953 1848 2002 1877 est
2023 1855 2042 1877 a
2058 1855 2140 1878 novo

1531 1885 1687 1928 Episcopo
1709 1887 1874 1920 Pekinensi
1896 1888 2074 1922 Alexandro
2102 1890 2141 1922 de

1535 1930 1664 1964 Gouvea
1685 1931 1721 1964 Ο.
1738 1932 1768 1965 S.
1790 1932 1840 1965 Fr.
1857 1933 1889 1975 (†
1903 1933 2014 1966 Pekini
2035 1935 2062 1967 6.
2076 1934 2139 1968 Jul.

1803 3132 1863 3165 369
