2372 3550
270 318 407 348 Historia
427 318 684 354 contemporanea
747 284 767 391 j

201 534 290 576 Anql.
323 534 448 566 Carolus
481 534 504 565 I.
537 533 741 565 1625—1649.

202 624 279 655 1625
315 623 344 655 S.
367 622 550 654 Vincentius
588 632 607 653 a
642 622 739 653 Paulo

221 668 255 709 (†
282 668 372 709 1660)
399 667 513 699 fundat
541 667 743 705 „Sacerdotes

220 711 395 744 1111155101115ιι
437 711 638 752 (Lazaristas)
692 711 744 752 qui

222 756 436 798 approbantur
459 756 505 788 12.
530 755 601 787 Jan.
627 756 713 787 1632.

202 846 279 877 1625
296 845 373 877 Cum
389 845 422 876 in
438 845 606 876 Germania
622 848 654 876 et
670 844 744 876 alibi

220 890 472 931 imprimerentur
497 889 668 930 „Mysteria
690 899 744 930 po-

221 934 328 966 litiea“
340 938 372 966 et
383 933 584 972 „Admonitio
596 933 635 965 ad
645 943 747 975 regem

222 978 533 1011 christianissimum“
557 977 668 1019 quibus
680 978 750 1010 Car-

221 1023 334 1055 dinalis
350 1022 508 1055 Richelieu
523 1022 651 1064 politica
666 1023 747 1054 anti-

222 1068 376 1100 catholica
403 1067 653 1109 oppugnabatur,
689 1078 745 1097 ma-

237 1120 273 1138 na
292 1113 438 1145 tempestas
456 1111 484 1137 in
508 1110 594 1137 Gallia
615 1113 674 1137 orta
698 1113 746 1137 est.

247 1155 260 1173 e
276 1147 436 1181 expellendis
451 1146 561 1173 Jesuitis
577 1147 706 1181 agebatur
721 1149 748 1173 et

219 1183 286 1209 liber
299 1183 361 1209 Ant.
376 1182 533 1209 Sanctarelli
547 1182 598 1214 „de
612 1184 747 1216 potestate

222 1219 337 1245 Romani
352 1217 508 1245 130115ἱί515ιι
527 1218 681 1244 combustus
698 1220 745 1245 est.

206 1434 290 1465 1626.
311 1434 338 1465 9,
357 1433 432 1474 Apr.
453 1433 472 1474 †
491 1433 574 1465 Baco
593 1433 631 1465 de
649 1433 745 1465 Veru-

222 1478 295 1516 lam,
315 1477 526 1518 philosophus.

206 1834 283 1865 1626
295 1833 454 1865 Riehelieu
466 1833 638 1865 committit
649 1834 669 1865 J
671 1834 748 1865 esui-

225 1878 265 1910 tis
305 1877 465 1909 missiones
507 1878 546 1909 ad
586 1877 746 1919 populum.

224 1937 256 1940 -—
269 1921 448 1948 Confessarius
467 1921 553 1956 regius
572 1923 628 1948 Nic.
647 1923 750 1948 caussi-

223 1964 283 1988 nus,
314 1965 375 1983 oum
405 1956 582 1991 improbasset
613 1957 749 1992 politicam

224 1992 370 2020 θαι-1111111115
383 1992 519 2019 Richelieu
530 2001 588 2027 quae
600 1995 750 2027 protestan-

225 2029 296 2055 tibus
309 2028 421 2060 faveret,
436 2030 541 2054 amotus
554 2030 606 2061 est;
621 2031 749 2063 sequutus

225 2065 312 2090 estJo.
325 2065 409 2095 Bagot
421 2065 449 2090 et
461 2066 522 2098 post
536 2072 596 2090 eum
609 2064 674 2091 1637
689 2064 749 2091 doc-

225 2102 269 2126 tus
292 2100 349 2125 Jac.
370 2101 490 2126 Sirmond
508 2100 535 2134 (†
553 2099 639 2134 1651).
676 2100 750 2126 Tunc

228 2135 363 2161 Richelieu
400 2135 482 2170 ooepit
518 2136 653 2162 decertare
690 2144 749 2162 cum

226 2171 356 2197 Pontifice
375 2171 535 2205 postulando
555 2179 651 2198 munus
670 2171 751 2206 legati

226 2206 365 2241 apostolici
396 2208 423 2232 et
454 2206 600 2241 Superioris
632 2207 750 2233 omniurn

225 2242 415 2276 religiosorum,
450 2242 503 2268 imo
539 2242 620 2269 etiam
657 2243 752 2269 ambiit

227 2278 441 2304 Patriarchatum
460 2278 559 2305 Galliae.
595 2278 691 2305 Omnia
707 2286 751 2304 ne-

227 2315 331 2348 gantur.
366 2313 447 2339 Edito
464 2315 558 2340 contra
573 2322 633 2340 eum
649 2314 750 2341 libello:

228 2349 341 2383 „Optati
346 2349 413 2375 Galli
423 2349 454 2375 de
461 2349 579 2375 cavendo
585 2349 755 2381 schismate“‚

227 2393 303 2411 suam
321 2384 501 2411 defensionem
518 2385 624 2411 cuidam
642 2385 752 2412 Jesuitae

228 2420 369 2452 commisit,
382 2420 428 2454 qui
439 2420 467 2446 in
479 2429 511 2446 ea
521 2429 549 2447 re
561 2421 660 2447 mansit
672 2421 750 2447 solus.

227 2456 290 2482 Mox
303 2456 320 2490 †
333 2456 478 2482 Cardinalis
492 2456 566 2483 1642.

212 2758 288 2790 1628
306 2757 439 2800 Rupella
454 2769 470 2790 e
485 2759 630 2791 manibus
646 2759 752 2801 Hugo—

231 2805 392 2834 nottorum
408 2806 515 2843 erepta
530 2806 563 2835 et
577 2813 683 2835 eorum
698 2813 752 2845 po-

232 2847 332 2879 tentia
352 2847 461 2879 fracta.

459 3112 516 3145 162

782 278 795 280 ..
812 295 930 323 Summi
950 278 1126 330 Pontifices,

798 339 925 368 Litterae
946 339 1134 375 Apostolieae

1206 295 1696 370 PraepositiGztlggpgegationes
1909 318 2009 355 Italia,
2028 319 2127 349 Gallia

780 445 978 474 1623—1644
1011 445 1153 475 Urbanus

799 490 871 519 VIII
1747 446 1823 477 1623
1841 446 1877 477 In
1892 446 1994 478 Gallia
2006 448 2037 479 C.
2050 446 2292 487 Carcassonense,

1771 490 2028 530 Altissiodorerwe,
2051 491 2228 524 Senonense.

781 621 866 653 1624.
881 622 928 653 23.
943 621 1022 653 Nov.
1036 621 1077 652 Iri
1088 621 1153 653 sede
1186 623 1263 653 1626
1301 622 1515 659 Quorumdam
1548 627 1630 655 artes
1665 623 1717 655 ob·
1753 624 1830 655 1624
1849 623 1881 655 in
1894 624 2004 656 Sicilia
2017 624 2146 656 Jesuitae
2159 625 2294 657 multum

800 666 962 706 principis:
998 669 1152 695 Franciseus
1206 666 1368 698 tinuerunt
1393 667 1575 699 divisionem
1600 670 1648 700 Pr.
1673 668 1718 699 Si·
1773 672 1965 709 occupantur
1991 669 2024 700 in
2053 669 2179 701 servitio
2208 673 2295 710 peste

803 709 900 743 Borgia
920 709 1008 735 Beatis
1027 709 1153 736 adnume-
1206 711 1291 749 culae,
1311 722 1379 752 quae
1396 716 1545 743 revocata
1561 712 1623 744 fuit
1641 712 1717 744 1632
1771 712 1967 751 infectorum,
1994 716 2026 745 et
2051 717 2087 745 ut
2112 713 2230 746 arbitri.

803 747 885 771 ratur.
1206 756 1257 796 (cf.
1269 756 1359 788 Decr.
1371 756 1399 788 5.
1412 756 1520 798 Congr.
1534 756 1603 798 IX).
1621 757 1722 794 Quare

1206 800 1270 841 jam
1291 800 1354 832 fere
1375 801 1516 833 totaliter
1537 801 1718 833 abstentum

1207 848 1255 876 est
1294 844 1333 876 ab
1373 846 1526 877 erectione
1565 855 1718 877 novarum
1754 847 1831 877 1624
1845 845 1973 877 Frustra
1988 847 2130 888 quaedam
2145 847 2296 879 factiones

1207 891 1255 921 Pr.
1258 893 1329 907 ststststst
1775 894 1934 932 suspectos
1957 891 2057 923 facere
2074 895 2228 923 conantur
2242 892 2296 924 So-

1774 935 1835 966 cios
1874 935 1958 976 apud
1996 936 2085 968 Card.
2125 936 2294 975 Richelieu,

1775 980 2007 1021 quumprimum
2038 980 2188 1022 gubernio
2219 991 2296 1022 prae-

1774 1034 1838 1056 esse
1860 1025 1965 1065 coepit.

783 844 868 875 1626.
895 843 922 875 5.
949 843 1023 884 Maj.
1049 843 1154 876 Salva-

801 888 884 919 toris:
919 892 1091 926 Approbatur
1127 893 1153 918 et

805 932 838 958 ab
869 932 991 958 omnibus
1021 932 1157 958 observari

804 967 913 1001 jubetur
927 967 1061 994 eoncordia
1077 976 1156 1002 super

805 1003 892 1029 dubiis
907 1005 934 1029 et
947 1003 1155 1030 difficultatibus

804 1039 832 1065 in
851 1039 988 1079 foederatis
1000 1039 1085 1074 Belgii
1096 1048 1155 1073 pro-

807 1083 907 1101 vmcus.

783 1200 869 1232 1626.
891 1202 917 1232 7.
938 1200 1007 1232 Oct.
1030 1200 1070 1232 Ut
1089 1201 1155 1232 arii-

801 1255 919 1276 marurn
927 1245 1030 1277 saluti:
1043 1248 1154 1280 Didaco,

805 1289 927 1323 episcopo
952 1289 1104 1322 Funayensi
1127 1289 1156 1315 111

801 1325 925 1359 Japom’a,
950 1324 1011 1350 sede
1042 1327 1157 1351 vacante

804 1360 923 1394 ejusdem
938 1360 1157 1392 administratori,

807 1398 834 1422 et
861 1396 995 1430 Superiori
1021 1396 1046 1422 S.
1075 1397 1100 1423 J.
1129 1397 1157 1422 111

805 1432 882 1463 Sinis⁷
890 1440 949 1458 cum
956 1432 1094 1466 episcopus
1101 1440 1161 1458 con-

811 1467 923 1494 stitutus
934 1475 989 1494 non
1004 1468 1062 1499 erit,
1074 1468 1158 1494 facul-

805 1505 848 1529 tas
864 1503 944 1530 datur
954 1503 988 1529 ad
999 1503 1156 1530 decennium

806 1539 979 1573 dispensandi
1012 1539 1040 1565 in
1069 1540 1156 1566 cultus

807 1574 973 1609 disparitate.

1242 1228 1283 1252 Pr.
1304 1228 1390 1253 Sicula
1408 1228 1574 1253 occidentalis
1590 1228 1668 1254 1626.
1756 1203 1833 1234 1626
1853 1203 1873 1244 †
1892 1204 2000 1234 Petrus
2018 1204 2162 1235 cotonus'

1271 1272 1333 1302 Dpr.
1351 1272 1379 1297 et
1395 1272 1462 1302 pr.
1480 1271 1612 1302 Panormi,

1271 1316 1298 1341 G.
1317 1315 1545 1347 Panormitanum,

1315 1350 1521 1385 Momegalense,

1315 1386 1474 1418 Bivonense,

1316 1422 1538 1456 Drepanitanum,

1315 1457 1484 1489 Marsalense,

1316 1493 1561 1525 Caltanissectense,

1316 1529 1452 1560 Saccense,

1315 1564 1443 1596 Narense⁷

1317 1600 1449 1632 Ennense,

1316 1636 1526 1663 Thermitanum.

1338 1671 1396 1698 Sao.
1454 1672 1534 1723 137]

1339 1707 1424 1733 Schol.
1471 1708 1504 1734 83
1535 1708 1606 1734 -365

1339 1743 1419 1769 eoad.
1455 1744 1504 1770 145
1523 1726 1534 1777 l

1756 1426 1833 1457 1628
1852 1427 1883 1458 C.
1904 1425 2057 1457 Ganeense
2077 1428 2108 1457 et
2127 1427 2204 1463 pr.
2224 1425 2298 1457 Che-

1775 1470 1883 1502 riensis
1905 1470 1966 1510 (Pr.
1987 1470 2134 1511 Mediol.).

1756 1693 1833 1724 1628
1867 1692 2011 1733 Daqclarii
2043 1692 2137 1725 multi
2170 1692 2300 1725 Jesuitae

1765 1737 1984 1779 aegrotantium
1995 1747 2075 1769 curae
2086 1747 2117 1769 se
2126 1737 2298 1775 devovent;

1766 1784 1783 1813 7
1806 1782 2003 1813 occumbunt.

1260 1824 1302 1849 Pr.
1323 1824 1410 1849 Sicula
1426 1824 1560 1849 orientalis
1576 1824 1653 1849 1626.

1272 1869 1335 1899 Dpr.
1352 1869 1380 1893 et
1397 1868 1464 1899 pr.
1480 1867 1618 1898 Messanae;

1273 1912 1300 1937 C.
1317 1911 1493 1943 Messanense,

1317 1947 1523 1980 Syracusanum,

1319 1982 1475 2014 Catanense,

1318 2018 1540 2052 Caltajeronense,

1319 2054 1461 2085 Mineense,

1318 2089 1464 2120 Melitense,

1320 2125 1461 2156 Platiense,

1319 2161 1460 2193 Netinum;

1276 2198 1308 2222 R.
1321 2196 1393 2222 Chia.

1325 2232 1383 2258 Sao.

1325 2267 1411 2294 Schol.

1326 2303 1405 2330 Coad.

1325 2339 1393 2365 Nov.
1413 2338 1467 2365 soh.
1491 2339 1524 2365 18

1324 2374 1394 2400 Nov.
1413 2374 1457 2401 Co.
1491 2375 1523 2401 11

786 1834 871 1865 1627.
888 1833 935 1865 15.
952 1834 1036 1875 Sept.
1054 1834 1158 1866 Beati-

804 1878 910 1910 ficatio
937 1878 956 1910 3
982 1878 1158 1920 Martyrum

805 1922 1040 1964 Japonensium.

1757 2005 1834 2036 1629
1861 2004 2053 2036 Inehoantur
2077 2004 2109 2035 in
2133 2003 2244 2035 Sicilia
2268 2005 2300 2036 G.

1778 2049 1999 2087 Randatiense‚
2033 2048 2212 2087 Moticense,
2246 2048 2300 2080 Sa-

1777 2094 1931 2125 lemiense.
1955 2112 1994 2115 —
2017 2093 2054 2124 In
2076 2095 2124 2125 Pr.
2147 2092 2302 2124 Tolosana

1778 2138 1930 2170 fundatur
1951 2139 1982 2170 G.
2003 2137 2237 2178 Monspeliense.

787 2055 847 2081 Alia
858 2055 956 2081 Brevia
968 2055 1085 2087 edicunt,
1096 2063 1160 2089 quo-

807 2090 887 2117 modo
917 2090 1058 2117 Clementis
1083 2091 1159 2117 VIII.

809 2126 944 2153 decretum
969 2126 1002 2152 de
1020 2127 1161 2153 confessio-

808 2162 887 2188 nibus
904 2162 1064 2197 regularium
1082 2171 1098 2189 a
1115 2163 1161 2189 So-

809 2198 906 2225 eietate
915 2198 950 2225 sit
958 2198 1161 2224 observandum.
1475 2232 1523 2258 107

1492 2268 1525 2294 66

1475 2303 1524 2329 123

1543 2231 1556 2409 ἒ
1575 2303 1625 2330 325

788 2368 874 2399 1629.
886 2368 933 2400 31.
945 2368 1038 2400 Mart.
1051 2368 1161 2399 Rorna-

806 2422 865 2444 iius
875 2412 1028 2452 Pontifex:
1041 2415 1164 2450 prohibet

811 2455 893 2482 Sociis
919 2456 960 2482 uti
985 2455 1161 2482 facultatibus

810 2491 939 2518 Cruciatae
960 2491 995 2517 ad
1011 2491 1161 2526 eligendum

807 2527 1004 2553 confessarium.

1760 2361 1838 2392 1630
1867 2360 2019 2392 Gamberii
2047 2360 2109 2401 (Pr.
2139 2359 2253 2401 Lugd.)
2282 2359 2300 2390 8

1778 2405 1860 2437 Socii
1877 2404 2053 2436 moriuntur
2070 2403 2231 2436 serviendo
2249 2413 2301 2445 pe-

1780 2453 1826 2481 ste
1844 2449 1977 2481 infectis.

1758 2584 1789 2615 C.
1815 2582 1999 2623 Apamense
2024 2582 2086 2623 (Pr.
2112 2581 2235 2623 Tolos.).

1194 2618 1271 2648 1626
1281 2618 1371 2654 juxta
1377 2618 1471 2649 catal.
1479 2619 1588 2649 Romae
1598 2620 1725 2656 impres-

1212 2670 1282 2692 sum
1300 2663 1332 2692 in
1355 2663 1503 2693 societate
1522 2664 1621 2696 erant:

1260 2715 1299 2746 36
1319 2714 1500 2753 Provinciae,

1281 2759 1298 2789 2
1320 2758 1571 2800 Viceprovinciae,

1262 2803 1299 2834 26
1320 2803 1440 2834 Domus
1461 2804 1615 2844 professae,

1241 2848 1300 2878 444
1321 2847 1463 2889 Collegia‚

1261 2892 1299 2922 44
1320 2891 1439 2923 Domus
1461 2892 1664 2933 probationis,

1242 2936 1299 2967 228
1321 2936 1518 2975 Residentiae,

1260 2980 1299 3011 56
1320 2980 1501 3019 Seminaria,

1202 3024 1300 3056 15544
1320 3024 1400 3056 Socii
1422 3024 1567 3058 universi.

790 2759 875 2790 1629.
901 2759 948 2790 15.
973 2758 1057 2799 Sept.
1082 2758 1161 2790 Arii-

807 2813 925 2834 maram
960 2803 1068 2834 saluti:
1108 2806 1158 2832 Pro

811 2846 911 2872 Oceani
934 2846 1017 2872 Indiis
1046 2847 1095 2872 aut
1123 2846 1161 2872 Si-

811 2889 906 2907 narum
926 2881 1031 2916 regione
1044 2882 1086 2907 vel
1096 2882 1160 2908 Bra-

811 2917 883 2948 siha,
924 2917 1095 2952 indulgentiae
1134 2919 1162 2943 et

811 2952 949 2987 privilegia
972 2953 1048 2979 varia
1070 2961 1161 2979 conce-

811 2987 913 3014 duntur
929 2988 963 3014 ad
980 2988 1013 3014 20
1029 2996 1121 3014 annos.

1760 2761 1838 2792 1630
1857 2760 1948 2792 Peste
1970 2758 2130 2791 Florentiae
2149 2761 2182 2790 et
2199 2758 2232 2790 in
2251 2760 2301 2790 Pr.

1782 2805 1894 2836 Veneta
1906 2807 2067 2845 grassante
2082 2803 2119 2834 15
2133 2803 2215 2835 Socii
2227 2803 2302 2834 Par-

1779 2859 1838 2881 mae
1857 2848 2034 2880 moriuntur
2052 2847 2086 2879 in
2106 2847 2209 2879 officio
2230 2847 2302 2879 eha-

1778 2893 1890 2931 ritatis,
1913 2892 1966 2924 alii
1987 2891 2069 2923 alibi.

945 3112 1003 3145 163
1431 3112 1490 3144 164
1994 3113 2052 3144 165
