2372 3550
95 329 254 365 Hispania,
275 327 434 357 Lusitania

666 324 830 354 Germania
971 288 996 396 j

1650 317 1810 348 missiones
1829 317 1944 346 exterae

28 457 150 488 Evecta
172 455 212 487 ad
234 455 382 486 thronum
405 453 491 484 Lusi-

48 500 142 532 taniae
166 499 273 541 regina
296 498 404 536 Maria,
430 507 492 528 non

48 545 148 576 solum
165 543 345 584 Exjesuitae,
364 542 419 573 sed
437 542 492 573 eti·
526 541 603 572 1788
620 539 845 572 Amstelodami
861 539 895 571 P.
913 538 978 570 Ma-

48 599 98 621 am
116 588 183 620 aliae
200 587 337 619 victimae
353 586 493 627 tyranni-

50 633 97 665 dis
120 631 341 669 Pombahanae,
365 640 493 662 numero

49 678 107 709 800
118 676 300 718 superstites
312 685 328 707 e
339 675 402 706 fere
415 675 493 706 9000

50 725 105 753 aut
120 725 219 752 morte
235 720 353 761 punitis
370 722 426 750 aut
442 719 493 750 de-

48 765 182 807 portatis
224 768 280 796 aut
320 763 493 795 carceribus

49 809 245 851 mancipatis,
265 819 280 840 e
298 807 447 840 custodiis
465 818 494 839 e-

50 857 231 886 merserunt.

30 1031 194 1064 Sententia
215 1033 332 1068 autem,
356 1040 424 1071 quae
447 1030 493 1061 12.

50 1076 123 1108 Jan.
147 1076 224 1107 1759
247 1078 357 1106 contra
379 1077 429 1106 tot
450 1074 495 1105 in-

50 1124 195 1152 nocentes
220 1119 425 1160 pronuntiata
449 1118 495 1149 fu-

50 1168 126 1204 erat,
150 1175 169 1196 a
190 1163 316 1196 consilio
339 1166 441 1194 status
464 1166 495 1194 et

50 1209 206 1250 judicibus
227 1208 267 1240 ad
287 1208 345 1239 hoc
365 1207 496 1248 deputa-

51 1254 92 1285 tis
104 1256 177 1295 post
183 1256 361 1284 accuratam
371 1252 497 1283 revisio-

51 1308 122 1329 nem
161 1307 320 1339 processus
358 1296 495 1334 rescissa,

51 1343 244 1383 istorumque
258 1340 438 1372 innocentia
450 1350 497 1371 so-

51 1386 195 1418 lemniter
212 1385 373 1417 vindicata
390 1385 451 1416 fuit
469 1386 495 1416 7.

52 1431 126 1472 Apr.
148 1431 235 1462 1781.

34 1608 206 1640 Marchioni
271 1607 309 1639 de
364 1607 497 1645 Pombal,

56 1652 199 1694 quamvis
225 1662 244 1683 a
267 1651 422 1693 judicibus
449 1652 499 1683 de-

55 1697 190 1729 claratus
222 1700 303 1728 esset
334 1695 499 1728 scelerosus

56 1745 88 1774 et
97 1751 191 1783 poena
201 1740 370 1782 exemplari
381 1740 502 1782 dignus,

57 1786 96 1818 ob
114 1788 307 1817 senectutem
327 1788 432 1816 tamen
451 1795 500 1817 ca-

56 1830 182 1872 stigatio
198 1829 365 1871 corporalis
380 1839 435 1871 per
450 1829 501 1861 dc-

57 1878 175 1907 cretum
197 1874 315 1916 regium
337 1874 397 1915 (16.
420 1874 498 1915 Aug.

58 1919 149 1961 1781)
177 1918 355 1950 condonata
383 1922 439 1957 est,
468 1918 500 1949 in

57 1973 112 1995 suo
128 1963 237 1995 robore
252 1966 358 1995 tamen
374 1973 501 1994 manen-

58 2008 142 2040 tibus
156 2007 298 2039 omnibus
311 2007 387 2048 juris
401 2007 501 2038 titulis

59 2056 168 2085 contra
178 2052 244 2093 ejus
255 2052 383 2083 domum
394 2052 425 2083 in
434 2052 502 2083 vita

59 2101 91 2129 et
107 2100 179 2138 post
195 2100 337 2128 mortem.
374 2096 503 2137 Insuper

59 2141 177 2173 vetitus
192 2140 253 2172 fuit
266 2141 392 2182 propius
409 2151 502 2182 quam

60 2186 100 2218 ad
120 2186 158 2217 20
177 2185 276 2217 millia
295 2195 442 2226 passuum
464 2185 503 2216 ad

60 2230 177 2262 curiam
194 2230 310 2271 regiam
329 2229 482 2262 accedere.

547 585 621 616 thiae
628 585 817 616 Thomassen
825 584 905 615 hanc
916 587 979 614 sta-

546 630 663 661 tionem
687 629 726 660 ab
749 639 776 661 a.
807 629 881 660 1762
913 637 978 658 mo-

546 674 678 712 deranti,
693 673 831 705 succedit
845 672 879 704 P.
895 672 978 703 Ada-

546 728 615 749 mus
626 717 769 755 Beckers,
784 717 837 759 qui
853 717 898 748 15.
911 715 975 748 Jul.

548 763 625 794 1744
645 762 781 803 Trajecti
798 762 839 793 ad
857 762 976 793 Mosam

547 812 650 844 natus,
668 807 859 838 novitiatum
876 805 978 837 Mech-

546 851 706 883 liniensem
728 851 775 882 30.
797 851 882 891 Sept.
904 849 979 881 1762

548 896 701 937 ingressus
721 895 834 927 fuerat.

532 1607 607 1639 1791
634 1606 805 1647 Exjesuitae
828 1605 860 1636 in
886 1605 983 1636 missi-

553 1662 609 1683 one
628 1650 877 1692 septentrionali:

534 1714 560 1745 1.
589 1712 776 1754 Hamburgi:
803 1712 877 1743 Geo.
904 1711 984 1742 Mar-

554 1758 679 1798 tinengo
695 1760 726 1788 et
740 1757 806 1788 Nic.
823 1756 943 1794 Rissen,

535 1820 562 1851 2.
577 1818 713 1850 Altonae:
729 1818 798 1850 Gul.
814 1818 983 1855 Verflasen,

533 1881 561 1912 3.
575 1880 715 1912 Swerini:
730 1880 796 1922 AEg.
810 1880 984 1918 Duchesne,

534 1943 561 1974 4.
579 1942 715 1974 Hafniae:
732 1942 988 1979 Jos.Schurman,

533 2005 562 2036 5.
583 2004 769 2036 Fridericiae:
798 2004 846 2036 Jo.
869 2003 985 2035 Weich.
1021 2003 1474 2044 1794ExjesuitaeLeodieuseS,

538 2270 814 2312 Braunsbergcnsis
865 2270 989 2312 Collegii

557 2320 657 2348 rector
674 2320 741 2347 erat
752 2325 849 2357 usque
856 2315 896 2347 ad
915 2316 990 2346 1791

558 2360 592 2392 P.
604 2360 707 2398 Laski,
719 2364 794 2392 tunc
804 2370 908 2392 senex.
929 2360 991 2401 (Ex

43 2407 130 2440 Obiit
156 2408 188 2439 in
216 2407 291 2439 urbe
318 2407 450 2439 Pombal
476 2408 503 2439 8.
558 2405 645 2436 Actis
660 2404 769 2446 Prop.)

63 2452 136 2493 Maj.
162 2452 248 2484 1782.

261 3116 319 3149 382

1014 1024 1091 1056 1790
1109 1024 1244 1055 Thomas
1263 1023 1359 1061 Weld,
1379 1023 1465 1055 dives

1033 1068 1212 1107 catholicus,
1224 1068 1393 1109 Exjesuitis
1404 1067 1466 1099 An-

1032 1113 1101 1154 gliae
1145 1113 1177 1144 in
1211 1123 1301 1144 usum
1336 1112 1466 1144 tradidit

1034 1157 1195 1189 castellum
1229 1167 1319 1189 suum
1358 1159 1467 1193 stony-

1035 1204 1132 1239 hurst‚
1164 1202 1248 1243 quod
1278 1205 1388 1243 postea
1418 1201 1465 1233 31.

1035 1246 1055 1278 J
1058 1246 1097 1278 ul.
1112 1247 1189 1278 1809
1201 1246 1293 1277 simul
1304 1256 1374 1277 cum
1386 1250 1468 1277 terra

1035 1291 1067 1322 H
1069 1291 1156 1322 odder
1171 1291 1321 1322 Societati
1338 1290 1469 1322 donavit

1036 1336 1067 1377 (†
1082 1336 1108 1367 1.
1125 1336 1204 1377 Aug.
1222 1336 1321 1376 1809).

1041 2059 1060 2080 a
1072 2048 1169 2080 Gallis
1184 2047 1292 2089 fugati,
1307 2057 1473 2088 pervenere

1041 2093 1072 2124 in
1092 2092 1253 2124 castellum
1273 2092 1471 2133 Stonyhurst.

543 2671 629 2703 1795.
644 2671 691 2703 13.
705 2671 776 2703 Jan.
794 2671 901 2703 Romae
912 2671 931 2712 †
944 2673 994 2708 1g-
1029 2671 1106 2703 1794
1116 2671 1264 2703 Edictum
1275 2670 1408 2703 Gustavi
1421 2669 1480 2701 HI.

562 2718 665 2747 natius
684 2718 869 2754 Rhomberg‚
889 2715 995 2748 Offen-

563 2760 712 2799 bacensis,
731 2760 860 2792 ultimus
876 2760 995 2792 Germa-

563 2804 625 2836 πίω
639 2804 804 2843 Assistens,
822 2815 841 2836 a
856 2805 890 2836 P.
909 2804 996 2836 Ricci
1050 2804 1130 2846 plius
1141 2805 1250 2836 mortis
1261 2805 1304 2836 rei
1315 2803 1482 2835 habentur.

565 2849 674 2881 mortis
699 2858 793 2881 causa
817 2849 996 2880 nominatus

566 2893 705 2926 Vicarius
720 2893 879 2935 generalis.

758 3116 817 3148 383

1046 2715 1197 2757 (Sueciae)‚
1206 2725 1266 2756 quo
1274 2714 1417 2747 catholici
1425 2714 1483 2746 sal-

1049 2764 1113 2792 tem
1138 2760 1313 2792 tolerantur
1337 2769 1393 2791 nee
1419 2769 1483 2790 am-

1241 3115 1300 3147 384

1494 446 1572 477 1784
1597 444 1761 486 Exjesuita
1781 443 1959 485 Onuphrius
1976 442 2112 481 Villiani,

1514 490 1586 521 olim
1606 488 1815 521 missionarius
1834 488 1866 519 in
1886 487 2039 525 Tunkino,
2061 487 2113 528 qui

1514 534 1669 566 exstincta
1683 534 1713 565 S.
1730 533 1759 565 J.
1775 533 1928 574 ingressus
1944 535 2011 563 erat
2026 531 2114 563 Ordi-

1513 589 1584 610 nem
1621 577 1847 619 Capucinorum
1884 587 1954 608 cum
1990 576 2114 607 nomine

1514 623 1699 654 Laurentius
1712 621 1914 658 Faventinus,
1929 631 1945 652 e
1958 624 2114 652 conventu

1515 677 1569 699 suo
1589 677 1684 708 prope
1704 666 1877 698 Viterbium
1896 665 2114 705 (Parananza),

1515 716 1624 743 contra
1639 711 1825 751 multiplices
1841 710 2012 741 calumnias
2023 709 2116 749 scrip-

1515 756 1556 787 sit
1586 756 1709 797 longam
1741 755 1950 786 defensionem
1982 753 2116 785 Jesuita-

1516 811 1583 831 rum
1600 800 1631 831 in
1648 800 1801 837 Tunkino,
1820 809 1913 840 quam
1930 798 2014 829 misit
2030 797 2069 829 ad
2085 797 2114 829 S.

1516 845 1624 886 Congr.
1642 844 1679 876 de
1700 844 1790 884 Prop.
1814 843 1898 876 Fide.
1915 843 2016 874 Juxta
2029 842 2116 873 illum

1516 889 1535 920 8
1575 889 1746 930 Exjesuitae
1784 887 2003 929 gubernabant
2042 891 2118 918 tunc

1518 933 1701 965 christianos
1723 933 1851 970 130,000
1871 932 1903 963 in
1925 931 2077 963 Tunkino.

1505 1556 1590 1588 1792.
1633 1555 1680 1587 27.
1716 1554 1781 1587 Jul.
1817 1554 1836 1596 †
1870 1554 1979 1586 Pekini
2014 1553 2124 1585 Franc.

1525 1600 1697 1641 Bourqeois,
1733 1603 1917 1641 procurator
1949 1598 2127 1640 Exjesuita-

1527 1655 1595 1676 rum
1617 1644 1779 1686 gallorum.

1515 2180 1590 2211 1795
1612 2178 1721 2210 Pekini
1739 2178 1911 2210 etiamnum
1933 2181 2008 2209 sunt
2029 2186 2134 2218 super-

1534 2224 1623 2255 stites
1638 2223 1823 2264 Exjesuitae:
1840 2222 1919 2254 J0.J
1923 2231 1964 2254 os.
1980 2221 2018 2253 de
2029 2220 2134 2253 Gram-

1533 2272 1623 2305 mont,
1654 2267 1730 2299 Lud.
1755 2267 1792 2299 de
1818 2267 1930 2304 Poirot,
1959 2266 2012 2308 qui
2034 2269 2135 2297 verte-

1535 2313 1591 2345 bat
1620 2313 1671 2345 SS.
1704 2312 1901 2353 Scripturam
1932 2311 1964 2342 in
1995 2310 2133 2352 linguam

1535 2362 1700 2395 tartaram,
1732 2356 1828 2388 Andr.
1860 2355 2035 2396 Radriyuez,
2067 2354 2133 2386 JOS.

1533 2402 1623 2434 Bern.
1654 2401 1692 2433 de
1718 2400 1869 2439 Almeida,
1902 2404 1934 2431 et
1964 2398 2136 2440 Coadjutor

1532 2446 1598 2478 Jos.
1634 2445 1734 2477 Pam-i
1767 2445 1882 2487 (pictor
1919 2444 1952 2476 in
1991 2443 2135 2486 palatio),

1533 2491 1742 2528 Florentinus,
1765 2499 1804 2521 ex
1823 2488 1912 2531 cujus
1936 2488 2075 2530 epistolis
2097 2488 2137 2519 ad

1534 2535 1715 2577 Exjesuitas
1725 2534 1835 2572 Solam
1848 2533 1994 2565 Bridault
2004 2537 2036 2564 et
2047 2532 2136 2564 Rossi

1537 2581 1644 2612 Romae
1671 2583 1899 2611 commorantes
1926 2578 1991 2610 haec
2018 2581 2050 2609 et
2077 2577 2138 2608 alia

1538 2624 1739 2666 colliguntur.

1795 3110 1853 3143 385
