2372 3550
736 296 739 298 .
793 313 911 343 Summi
933 313 1109 350 Pontifices,

783 358 907 388 Litterae
927 358 1113 394 Apostoueae
1227 337 1360 367 societas
1386 337 1460 366 Jesu
1480 337 1513 366 in
1535 337 1647 366 Russia

255 335 392 366 Historia
412 335 669 372 contemporanea

1892 336 1992 373 Italia,
2012 337 2110 366 Gallia

185 462 273 496 1803.
301 463 349 495 25.
376 463 451 495 Feb.
479 463 611 494 Decreto
638 461 728 493 finali
1167 463 1363 495 1803—1815
1381 462 1508 495 Florens
1526 467 1627 496 status
1646 463 1700 496 So-

203 507 416 549 deputationis
457 506 583 548 Imperii
623 506 727 538 Ratis·
1187 508 1309 540 cietatis
1330 508 1362 539 in
1384 508 1465 539 Alba
1488 508 1609 540 Russia.

204 551 333 584 bonensi
384 550 727 593 (Reichsdeputations-
760 551 847 583 1804.
876 551 924 584 30.
954 551 1017 584 Jul.
1075 552 1134 584 Per

203 595 437 638 hauptschluss)
451 605 470 627 a
483 595 619 627 statibus
633 605 726 627 saecu-
779 596 868 627 alias:
896 600 1055 634 approbatio
1082 608 1130 635 pro

203 640 319 672 laribus
365 640 577 672 confiscantur
622 649 727 671 omnes
782 639 878 666 Russia
916 640 1071 681 extenditur
1084 677 1088 681 ,
1102 641 1137 681 ad

203 685 397 726 principatus
419 684 626 723 ecclesiastici,
644 684 727 716 bona
779 676 1138 710 regnumutnusqueSmhae.

202 729 411 762 Ecclesiarum
429 732 487 762 etc.

184 907 271 940 1804.
284 907 312 939 2.
323 906 398 939 Dec.
411 905 550 948 Napoleo
562 906 586 939 I.
598 906 726 948 ungitur

203 962 223 983 a
232 952 289 984 Pio
302 951 373 983 VII.
387 954 424 983 ut
437 951 611 992 Imperator
622 950 725 983 Gallo-

202 1006 282 1035 rum,
301 999 334 1028 et
351 995 410 1028 sibi
426 995 486 1037 ipsi
504 1005 650 1028 coronam
668 995 725 1026 im-

202 1041 300 1082 ponit.

778 1084 922 1118 respondet
943 1085 1074 1118 Generafi,
1104 1093 1132 1112 so
1184 1086 1296 1118 neralis
1343 1088 1517 1118 'thaddaeus
1570 1087 1695 1120 Brzo-

775 1119 888 1154 gaudere
900 1120 932 1146 de
947 1120 1073 1147 electione
1083 1124 1133 1149 etc.
1182 1130 1344 1163 zowski
1374 1139 1401 1163 a
1432 1131 1479 1165 v⁸
1518 1130 1700 1172 Congre,

1184 1174 1360 1217 gationc
1384 1174 1629 1209 Poloccnsi.

183 1263 346 1339 1}{M.t12.
374 1262 464 1294 Febr.
492 1262 512 1304 †
538 1262 725 1294 Emmanuel

236 1317 277 1339 an
295 1333 302 1339 .

1163 1264 1363 1297 Decreta:

1162 1325 1186 1351 1.
1205 1324 1223 1351 J
1225 1324 1315 1351 esuitae
1329 1332 1363 1350 ne
1378 1324 1519 1351 addiscant
1533 1324 1674 1357 musicam;

1163 1377 1187 1404 2.
1205 1377 1305 1403 litaniae
1320 1377 1465 1403 lauretanae
1480 1376 1508 1403 in
1522 1377 1598 1403 festis
1613 1377 1644 1404 B.
1660 1378 1696 1405 M.

1206 1413 1237 1439 V.
1274 1412 1410 1439 addantur
1443 1412 1543 1439 litaniis
1578 1413 1697 1440 omnium

1205 1448 1373 1475 Sanctorum.

185 1574 272 1607 1806.
296 1574 325 1607 6.
341 1574 419 1616 Aug.
435 1573 657 1615 Exstinguitur
671 1574 724 1606 Sa-

203 1628 289 1651 crum
300 1618 478 1651 Romanum
491 1618 659 1660 Imperium
670 1628 724 1650 na-

203 1663 297 1696 tionis
315 1663 502 1696 Teutonicae.

758 1573 845 1606 1806.
873 1574 921 1607 13.
950 1574 1019 1607 Oct.
1045 1575 1131 1615 Quod

776 1618 981 1651 venerabilem:
999 1623 1032 1650 de
1047 1623 1131 1651 beati-

778 1662 904 1689 ficatione
933 1663 1066 1691 Francisci
1097 1664 1131 1691 de

780 1698 952 1733 Hieronymo.

183 1841 286 1875 Austr.
298 1841 480 1874 Franciscus
492 1841 516 1874 I.
529 1841 734 1874 1806-1835.

1185 1885 1226 1917 ad
1246 1885 1377 1928 Papam.

1169 2019 1365 2051 1805—1812
1385 2018 1469 2051 Lites
1491 2028 1561 2051 cum
1581 2019 1700 2051 Acade—

1185 2064 1250 2095 mia
1263 2063 1402 2096 Vilnensi
1416 2063 1606 2096 dirimuntur
1620 2066 1700 2096 erec-

1187 2108 1272 2140 tione
1290 2108 1467 2140 Academiae
1484 2107 1669 2141 Polocensis.

184 2019 262 2052 1808
281 2019 510 2052 Patrimonium
530 2019 617 2051 Petri
638 2029 727 2052 occu-

203 2067 314 2106 patum
341 2067 374 2096 et
399 2064 477 2096 1809
503 2063 628 2096 unitum
655 2074 726 2096 cum

204 2108 319 2147 Gallia;
349 2108 488 2150 Napoleo
517 2109 727 2141 excommuni-

205 2157 303 2186 catur.

761 2198 838 2230 1810
864 2197 938 2230 Pius
965 2197 1048 2237 VIL,
1082 2208 1133 2230 ex-

780 2242 1009 2275 communicato
1029 2243 1134 2284 Napo-

779 2286 876 2326 leone⁷
891 2287 1035 2328 captivus
1049 2287 1134 2319 duci-

780 2335 833 2363 tur
874 2331 1131 2373 Gratianopolim,

779 2376 852 2408 inde
897 2376 1055 2408 Savonam
1102 2380 1134 2408 et

780 2421 858 2452 1812
876 2430 975 2462 usque
994 2420 1034 2453 ad
1051 2420 1133 2452 Fon-

780 2464 972 2504 tainebleau;

1166 2508 1253 2541 1816.
1282 2508 1311 2541 3.
1339 2509 1412 2541 Jan.
1441 2508 1600 2541 Generalis
1628 2518 1699 2540 cum

1186 2553 1224 2584 25
1244 2552 1333 2585 sociis
1352 2553 1511 2595 Petropoli
1531 2553 1616 2585 abire
1635 2553 1699 2594 jus-

1186 2597 1211 2629 si
1234 2607 1290 2639 per
1313 2597 1428 2630 milites
1452 2597 1628 2639 ejiciuntur.

186 2508 264 2541 1813
280 2507 419 2550 Napoleo
436 2508 538 2540 victus
554 2508 587 2540 in
604 2508 727 2548 Russia,

206 2553 284 2585 1814
299 2552 444 2594 captivus
463 2552 538 2585 Hvae
555 2553 672 2594 (Elina),
696 2557 728 2585 et

206 2600 280 2639 post
311 2597 455 2629 ultimam
488 2597 607 2630 cladem
642 2598 728 2639 apud

207 2641 364 2674 Waterloo
397 2641 475 2674 1815
505 2641 659 2684 relegatus
694 2643 727 2674 in
761 2642 839 2674 1814
849 2641 1027 2684 Napoleone
1037 2642 1137 2683 dejec-

205 2686 339 2719 insulam
360 2686 432 2719 Stae.
455 2685 590 2719 Helenae.
781 2690 814 2718 to
826 2686 915 2728 Papa
926 2696 1066 2719 reversus
1079 2687 1133 2719 tri-

780 2730 969 2773 umphaliter
1025 2731 1133 2772 recipi-

781 2779 833 2807 tur
846 2785 866 2808 a
879 2775 1038 2808 Romanis.

1165 2863 1252 2896 1820.
1273 2864 1320 2896 13.
1340 2863 1433 2896 Mart.
1453 2865 1505 2905 (st.
1527 2864 1572 2906 V.)
1596 2879 1627 2889 =
1647 2864 1695 2896 25.

1183 2908 1276 2941 Mart.
1322 2907 1499 2941 Alexander
1523 2908 1547 2940 I.
1572 2908 1696 2940 decreto

1184 2962 1240 2984 suo
1259 2952 1448 2985 Societatem
1468 2963 1485 2985 e
1503 2952 1621 2985 finibus
1640 2952 1697 2984 im-

1184 2997 1261 3038 perii
1282 2997 1376 3039 ejicit.

440 3128 500 3162 394
916 3129 976 3163 395
1400 3130 1459 3163 396

1732 553 1810 584 1804
1842 552 2058 585 Ferdinandus
2093 552 2147 585 IV.
2182 557 2279 585 vocat

1751 597 1940 629 Societatem
1956 597 1990 629 in
2006 607 2136 639 regnum
2154 598 2276 639 Neapo-

1750 641 1896 680 litanum,
1921 641 1975 673 ubi
1992 642 2071 673 1805
2090 642 2279 674 numerabat

1751 686 1875 718 Sacerd.
1887 687 1935 725 42,
1947 685 2048 718 Schol.
2061 686 2109 724 23,
2122 686 2216 718 Coad.
2228 687 2276 725 59,

1751 730 1837 763 univ.
1867 731 1934 762 124.
1969 731 2029 768 Qui
2057 731 2166 762 eodem
2195 741 2277 763 anno

1752 774 1829 806 1805
1841 784 1896 816 per
1908 774 2012 807 Gallos
2027 775 2148 816 expulsi
2161 785 2192 807 se
2206 785 2278 807 con-

1751 818 1849 851 tulere
1874 829 1947 861 pars
1972 820 2006 851 in
2030 819 2182 858 Siciliam,
2204 829 2277 861 pars

1752 863 1889 896 Romam.
1939 864 1990 896 Sic
2018 868 2124 905 coepta
2152 868 2200 896 est
2228 866 2277 897 Pr.

1750 907 1770 939 I
1770 907 1861 940 taliae.

758 1039 844 1072 1805.
860 1040 908 1073 31.
918 1040 987 1073 Oct.
1004 1044 1131 1072 PiusVII.
1164 1041 1252 1074 1805.
1275 1042 1303 1074 2.
1326 1041 1410 1082 Sept.
1434 1041 1549 1074 electus
1571 1045 1619 1074 est
1639 1042 1697 1074 Ge·
1730 1041 2125 1082 Praepositusrenuntiatus
2134 1041 2278 1074 Proin&-

1751 1086 1835 1124 culoe,
1843 1085 2012 1127 Cajetanus
2021 1086 2188 1128 Angiolini,
2197 1086 2278 1118 Nea-

1749 1130 1815 1172 poli
1825 1130 2017 1162 Panormum
2034 1130 2130 1172 petiit
2139 1130 2188 1164 30.
2202 1130 2277 1172 Apr.

1750 1175 1829 1206 1805
1861 1185 1931 1206 cum
1975 1176 2013 1207 17
2045 1175 2106 1207 ΡΡ.
2139 1175 2278 1217 antiquae

1750 1219 1843 1252 Prov.
1876 1219 1986 1252 Siculae
2021 1223 2053 1252 et
2085 1220 2123 1251 13
2147 1220 2276 1261 juniori-

1750 1263 1808 1296 bus
1830 1274 1869 1296 ex
1886 1263 1989 1303 Italia,
2012 1267 2045 1296 et
2065 1263 2097 1295 in
2118 1263 2181 1296 ista
2201 1264 2277 1296 urbe

1749 1318 1865 1350 magna
1883 1308 1996 1340 laetitia
2017 1311 2166 1350 exceptus
2188 1318 2278 1340 novae

1749 1352 1922 1385 Provinciae
1930 1353 2022 1385 initia
2032 1353 2211 1395 auspicatus
2220 1356 2277 1385 est.

1730 1575 1816 1608 1808.
1840 1576 1887 1608 22.
1910 1575 1982 1608 Jan.
2027 1575 2136 1608 Romae
2155 1575 2194 1607 46
2215 1575 2279 1608 Ex—

1748 1620 1870 1661 ]'esuitae
1881 1619 2006 1661 hispani
2017 1619 2123 1652 exules
2137 1620 2176 1652 ab
2189 1630 2278 1652 usur-

1748 1664 1911 1706 patoribus
1934 1665 1967 1696 in
1991 1674 2127 1697 carceres
2152 1664 2278 1706 conjici-

1749 1712 1846 1740 untur
1869 1712 1981 1750 utpote
2004 1719 2068 1741 non
2092 1712 2278 1750 praestantes

1749 1753 1962 1794 juramentum
2011 1752 2175 1786 fidelitatis
2224 1753 2278 1786 Jo—

1750 1798 1846 1839 sepho
1865 1798 2054 1840 Bonaeparti‚
2077 1798 2199 1830 intruso
2223 1797 2279 1829 Hi-

1165 1840 1252 1873 1805.
1264 1841 1312 1874 14.
1323 1840 1409 1882 Sept.
1421 1840 1579 1873 Generalis
1590 1841 1698 1873 scribit
1751 1842 1867 1884 spaniae
1879 1843 1952 1884 regi.

1733 2199 1820 2230 1810.
1842 2199 1889 2231 22.
1910 2198 1986 2230 Feb.
2008 2198 2116 2230 Romae
2134 2197 2278 2240 guberni-

1752 2253 1806 2274 um
1834 2242 2022 2284 Napoleonis
2036 2242 2060 2274 Ι.
2075 2252 2094 2274 a
2105 2242 2140 2275 P.
2155 2242 2220 2274 Jos.
2234 2242 2276 2274 M.

1752 2287 1918 2328 Pignatelli
1932 2286 2075 2328 postulat
2098 2286 2277 2328 catalogum

1752 2332 1905 2363 sociorum
1921 2331 1962 2363 ad
1975 2331 2005 2364 S.
2016 2331 2218 2363 Pantaleonis
2231 2340 2277 2363 re-

1752 2376 1931 2408 sitientium.

1731 2643 1810 2674 1814
1830 2642 1864 2674 in
1884 2651 1979 2683 regno
2000 2641 2112 2673 Siciliae
2133 2651 2275 2673 numera-

1751 2687 1883 2719 bantur:

1918 2732 1949 2763 c.
1971 2731 1990 2762 4

1917 2776 1991 2813 Dpr.
2013 2775 2030 2806 1

1917 2820 1955 2852 D.
1977 2819 1995 2850 2

1876 2864 1944 2895 Sao.
2036 2863 2074 2894 63

1876 2907 1977 2940 Schol.
2035 2907 2074 2938 63

1877 2951 1971 2984 Coad.
2036 2951 2075 2983 73

2136 2907 2195 2938 199

1961 3128 2021 3164 397
