2372 3550
49 240 120 297 et
144 240 434 297 externa
459 239 826 298 societatis
848 239 1278 300 1556—1750.

48 349 404 391 mercurianus
438 349 792 391 1556—1580.

111 511 269 548 Hispania,
291 511 449 540 Lusitania

43 638 119 670 1557
128 637 172 670 Ut
179 637 334 670 obtineret
340 647 394 669 suo
401 637 508 679 nepoti

62 682 284 715 successionem
296 682 329 713 in
343 682 505 714 Lusitania

62 727 147 768 (post
164 730 296 759 mortem
315 727 504 768 Sebastiani)

63 771 188 803 Carolus
204 771 239 803 V.
257 771 343 803 misit
359 771 503 813 Borgiam

63 815 307 848 adCatharinam
318 816 445 848 viduam
453 816 506 848 Jo-

68 860 156 892 annis
183 860 242 892 III.
269 860 382 902 Borgia
408 871 504 902 quan-

64 905 180 937 tumvis
190 904 308 937 invitus
321 905 503 947 Imperatori

63 949 214 982 satisfecit
232 950 320 991 eique
339 954 448 991 postea
466 950 504 982 de

63 994 140 1026 actis
154 994 339 1036 Ulyssipone
352 994 460 1027 retulit
472 995 504 1026 in

62 1039 249 1071 monasterio
271 1039 300 1071 S.
315 1039 408 1071 Justi.

45 1217 121 1248 1558
160 1217 272 1259 Borgia
298 1217 406 1250 visitat
433 1218 504 1249 Pro-

64 1261 181 1293 vincias
199 1262 381 1294 Lusitanam
401 1266 432 1294 et
451 1262 504 1294 Hi—

65 1316 185 1347 spanas.
236 1306 425 1338 Conimbriea
450 1317 504 1338 nu-

63 1351 205 1382 merabat
222 1352 279 1383 150
296 1351 502 1383 scholasticos.

64 1413 102 1417 —
122 1395 343 1435 Gomplutenses
362 1396 409 1434 34,
431 1406 504 1437 quo-

63 1450 131 1471 rum
145 1449 206 1471 non
220 1440 311 1481 pauci
324 1444 413 1472 erant
425 1439 509 1473 Doc-'

64 1488 155 1523 tores,
167 1484 316 1517 Societati
328 1495 440 1517 nomen
454 1486 505 1518 de-

64 1529 143 1561 dere.
166 1547 205 1550 ——
224 1530 357 1561 Moriens
379 1530 504 1562 Carolus

63 1573 99 1605 V.
132 1573 275 1615 designat
302 1578 504 1607 testamenta-

63 1618 123 1649 rios
136 1618 315 1660 Philippum
331 1619 371 1651 Π.
386 1623 418 1651 et
431 1620 505 1651 Bor—

62 1662 154 1704 giam.
173 1682 211 1685 —
227 1663 374 1696 Granatae
390 1663 505 1696 calum-

63 1707 116 1739 nia
125 1707 163 1739 de
173 1707 289 1740 violato
300 1708 398 1749 sigillo
409 1718 508 1741 sacra-

64 1751 202 1784 mentali.
218 1771 257 1775 —
272 1753 308 1784 In
322 1753 413 1785 Prov.
430 1753 505 1785 Ara-

63 1796 162 1838 goniae
181 1797 219 1828 20
238 1797 313 1829 socii
331 1798 506 1830 moriuntur

63 1841 96 1872 in
117 1851 191 1873 cura
207 1845 294 1883 peste
306 1842 501 1875 infectorum.

45 2019 121 2051 1559
145 2019 309 2061 Inquisitio
319 2020 452 2062 hispana
461 2021 506 2053 in-

65 2063 171 2096 scribit
189 2065 220 2097 in
236 2065 340 2097 Indice
357 2065 505 2097 librorum

64 2109 292 2151 prohibitorum
308 2112 425 2148 „opera
442 2112 506 2142 Du-

65 2155 108 2185 cis
124 2154 284 2192 Gandiae“,
303 2165 374 2187 cum
394 2155 505 2197 quibus

66 2198 217 2240 permixte
242 2199 392 2241 impressa
418 2204 507 2232 erant

65 2243 127 2275 alia
164 2243 293 2275 aliorum
343 2248 505 2276 auctorum

66 2287 133 2329 jure
156 2288 357 2330 prohibenda.
383 2308 421 2311 —
444 2289 506 2321 Do-

66 2342 135 2364 mus
145 2332 178 2364 in
189 2332 350 2370 ‚‚Alrezin“
362 2333 507 2366 Granatae

67 2377 107 2408 ad
134 2378 357 2410 convertendos
373 2378 505 2410 Mauros.

66 2440 105 2443 —
123 2423 214 2454 Joan.
229 2424 383 2453 Ramirius
398 2427 429 2455 et
443 2425 508 2454 An-

67 2468 169 2497 tonius
180 2468 321 2498 Matritus
331 2466 509 2509 eloquentia

65 2510 207 2552 insignes.

48 2599 77 2631 N
79 2609 146 2632 ovae
160 2600 270 2633 domus
283 2600 425 2639 Gadibus,
442 2601 481 2632 M
482 2611 508 2632 e-

67 2647 178 2685 tymnae
195 2645 305 2686 campi,
328 2645 430 2677 Toleti.

67 2823 146 2855 1560
156 2823 269 2865 Borgia
287 2823 320 2855 in
338 2823 508 2856 [assitam‘a.

67 2867 184 2899 Graves
212 2868 374 2900 calumniae
401 2872 510 2900 contra

67 2911 169 2953 ipsum
190 2912 222 2944 in
242 2912 409 2953 Hispania.

283 3090 322 3121 38

595 511 770 548 Germania,
791 513 931 548 Belgium

541 906 618 938 1558
640 907 777 938 canisius
797 906 992 948 profecturus

560 951 592 982 in
618 950 778 982 Poloniam
804 952 992 989 Ingolstadn‚

561 995 996 1038 viennae,1’ragaereligiosam

561 1039 754 1081 disciplinam
765 1040 991 1072 strictissimam

561 1084 705 1116 inculcat.
738 1085 952 1117 Ferdinandus
966 1085 989 1117 I.

562 1129 704 1161 concedit
723 1129 881 1167 Societati,
903 1134 939 1161 ut
959 1130 991 1162 111

563 1173 704 1205 omnibus
720 1174 807 1206 terris
823 1174 884 1206 suis
898 1175 991 1206 haere-

1114 514 1236 551 Anglia,
1258 515 1385 545 Polonia

562 1218 681 1250 ditariis
697 1218 789 1259 juxta
807 1219 991 1251 Institutum
1025 1220 1101 1251 1558
1114 1222 1262 1258 canisius,
1275 1221 1392 1262 primus
1405 1226 1476 1262 post

563 1267 701 1295 versetur
719 1268 750 1295 et
767 1268 911 1305 operetur
927 1274 992 1295 ma·
1043 1264 1252 1297 Salmeronem
1288 1265 1411 1297 Jesuita
1444 1265 1475 1297 in

560 1308 725 1349 gistrisque
747 1309 896 1349 suspectis
909 1318 992 1340 amo-

1046 1311 1182 1347 Polonia‚
1207 1310 1339 1352 ingenuo
1365 1320 1419 1342 suo
1445 1321 1476 1342 a-

562 1353 602 1384 tis
641 1353 778 1385 Jesuitas
818 1353 989 1385 substituit.
1043 1354 1135 1396 gendi
1148 1355 1239 1386 modo
1252 1355 1365 1391 effecit,
1380 1359 1413 1387 ut
1427 1366 1475 1387 co-

561 1397 589 1428 E
600 1396 729 1429 Polcnia
746 1408 885 1430 reversus
904 1399 992 1429 cani-

561 1443 625 1472 sius
641 1442 716 1473 1559
732 1442 764 1474 in
780 1442 913 1474 comitiis
928 1442 992 1474 Au-

560 1486 696 1527 9ustam's
712 1497 858 1529 magnam
875 1487 992 1520 civium

561 1535 683 1572 partem
736 1531 776 1563 ad
823 1532 992 1564 Ecclesiam

561 1575 690 1608 reducit.

543 2021 620 2053 1559
646 2021 815 2054 Inchoatur
839 2023 869 2054 C.
883 2022 994 2054 Mom-

563 2076 653 2098 oense.

1045 1399 1134 1431 mitia
1145 1399 1405 1431 Petricovicensia
1416 1410 1486 1431 con-

1046 1447 1095 1476 tra
1101 1448 1266 1476 novatores
1273 1444 1474 1486 insurgerent.

544 2200 622 2232 1560
652 2200 684 2232 in
718 2199 832 2242 Belgio,
866 2204 995 2242 urgente
1028 2202 1105 2233 1560
1141 2203 1239 2233 David
1276 2204 1406 2234 wolfius
1442 2206 1478 2234 ut

562 2244 777 2287 gubernatrice
815 2245 994 2287 Margarita,

564 2289 613 2321 cui
627 2289 767 2331 ignatius
779 2289 882 2322 fuerat
894 2300 913 2322 a
924 2300 995 2322 con-

564 2333 756 2372 fessionibus,
785 2334 913 2366 tandem
938 2334 995 2366 Lo-

563 2378 716 2410 vaniensis
728 2378 929 2420 magistratus
941 2379 995 2411 So-

564 2423 671 2455 cietati
702 2423 861 2464 proprium
899 2423 996 2455 domi-

564 2467 668 2500 cilium
691 2467 849 2500 concessit.

753 3090 792 3122 39

1048 2246 1184 2278 Nuntius
1198 2247 1385 2288 apostolicus
1398 2247 1478 2288 petit

1047 2291 1235 2324 Hiberniam.

1236 3091 1276 3123 40

1663 514 1822 545 missiones
1843 516 1960 546 exterae

1508 642 1585 673 1559
1601 641 1772 683 Saquedus‚
1790 652 1946 675 successor
1961 642 2081 675 Claudii
2096 643 2128 675 in

1527 685 1705 736 Abyssiniffl
1720 687 1916 728 persequitur
1929 687 2083 720 Oviedum
2097 692 2129 720 et

1529 740 1635 762 socios.

1508 1165 1690 1197 Patriarcha
1710 1165 1816 1198 Nufiez
1836 1165 1856 1207 †
1874 1166 1958 1198 Goae
1978 1166 2062 1198 1561.

1510 1589 1595 1620 1560.
1615 1589 1713 1621 Meaci
1730 1589 1763 1621 in
1780 1589 1918 1630 Japonia
1934 1591 2050 1627 Gaspar
2067 1591 2130 1621 vn-

1528 1636 1588 1666 lela
1609 1633 1723 1666 fundat
1743 1633 1879 1665 domum.

1512 2030 1636 2062 Intrant
1646 2030 1666 2062 J
1668 2029 1775 2062 esuitae
1783 2029 1816 2062 in
1827 2033 1941 2062 terram
1951 2031 2111 2061 carrorum
2121 2039 2129 2062 :

1530 2076 1696 2105 Consalvus
1720 2075 1845 2105 Silveria
1865 2084 1934 2106 cum
1956 2074 2045 2106 sociis
2065 2076 2130 2105 An-

1534 2121 1607 2151 drea
1630 2121 1800 2152 Femandio
1824 2123 1857 2151 et
1877 2120 1999 2151 Andrea
2017 2120 2131 2150 Acesta

1530 2164 1597 2196 adit
1617 2163 1781 2202 Gambam,
1802 2173 1904 2205 regem
1927 2163 2128 2205 Tongensem,

1531 2208 1583 2250 qui
1606 2208 1804 2250 Mosarangas
1820 2207 2025 2249 gubernabat,
2046 2217 2129 2240 eum-

1532 2263 1591 2295 que
1620 2263 1690 2285 cum
1720 2262 1824 2291 uxore,
1860 2252 1964 2284 liberis
1995 2257 2027 2284 et
2058 2252 2130 2284 Pro-

1533 2297 1653 2330 ceribus
1699 2297 1806 2329 multis
1853 2296 2037 2339 baptizavit.
2088 2297 2132 2329 At

1532 2352 1602 2374 cum
1622 2345 1731 2384 postea
1748 2341 1780 2373 in
1793 2341 2011 2382 Monomotapa
2023 2341 2132 2373 uberes

1532 2387 1652 2419 fructus
1673 2385 1853 2428 collegisset,
1881 2387 2006 2417 Silverla
2026 2396 2045 2417 a
2066 2386 2131 2417 Ma-

1531 2430 1708 2463 humetanis
1721 2431 1797 2463 1561
1815 2430 2038 2473 strangulatur,
2052 2432 2132 2461 Aeo-

1530 2478 1578 2507 sta
1611 2475 1689 2508 febri
1722 2475 1906 2513 succumbit,
1945 2476 2133 2506 Fornamnus

1533 2520 1572 2552 ob
1586 2520 1776 2561 pravitatem
1789 2519 1879 2551 istius
1891 2519 1993 2561 gentis
2006 2519 2087 2551 redit
2099 2519 2132 2551 in

1535 2564 1665 2597 Indiam.

1514 2854 1695 2886 Franciscus
1705 2854 1871 2886 Goveanus
1881 2853 1934 2885 diu
1945 2853 2007 2885 fere
2018 2853 2134 2885 frustra

1533 2898 1656 2930 laborat
1675 2898 1708 2930 in
1729 2897 1855 2939 Anqola.
