2372 3550
47 256 2135 280 -——..-—-———-—-———————-————---—

120 323 278 360 Hispania,
299 320 457 351 Lusitania

606 317 780 352 Germania,
802 317 940 352 Belgium

54 496 130 527 1597
157 493 340 534 Ulyssipone
362 490 515 523 tironibus
549 489 625 520 1597
656 489 687 520 C.
718 488 885 519 Labaeense
915 487 999 527 (Car-

74 538 199 580 propria
223 539 300 575 pr.
327 536 422 567 datur
446 535 515 566 fun-

74 584 182 615 datore
196 580 392 613 Ferdinando
407 579 513 611 Telles.

74 647 113 650 —
141 629 248 658 Franc.
282 627 393 657 suarez
420 623 517 655 lector

74 671 235 712 theologiae
253 670 285 701 in
305 668 516 701 Universitate

75 714 326 748 Conimbricensi.

58 1071 135 1102 1597
150 1070 178 1101 A
193 1072 241 1101 Pr.
257 1069 419 1110 Aragoniae
434 1077 520 1108 sepa—

77 1119 165 1147 ratur
185 1116 221 1146 V.
243 1116 291 1146 Pr.
312 1112 475 1145 Sardiniae.

61 1471 138 1502 1598
163 1468 367 1511 Congregatio
393 1478 412 1499 a
436 1468 524 1508 Papa

79 1515 243 1547 nominata
252 1514 291 1545 90
303 1513 406 1545 theses
418 1523 434 1544 e
444 1512 524 1543 libro

80 1557 359 1591 LudoviciMoZv'noe
365 1560 525 1598 excerptas

80 1603 253 1636 damnavit.
276 1603 367 1634 Nova
378 1612 452 1634 vero
465 1601 525 1633 dis-

82 1648 208 1691 quisitio
236 1657 299 1679 non
327 1647 396 1688 plus
426 1647 464 1678 20
492 1646 525 1677 111

82 1692 323 1725 controversiam
376 1690 521 1723 vocabat.

81 1737 192 1764 Interim
201 1736 340 1763 sententiae
351 1743 383 1761 ex
395 1734 527 1769 Hispania

81 1773 173 1808 petitae
200 1788 233 1791 —
261 1772 393 1807 pleraeque
421 1770 525 1797 Molinae

80 1810 201 1836 faventes
207 1823 239 1827 —
245 1807 421 1839 advenerant;
432 1808 459 1833 et
468 1814 529 1833 auc-

82 1847 125 1871 tor
149 1843 210 1871 libri
234 1843 299 1878 ipse,
325 1845 357 1869 ut
382 1842 526 1874 audiretur,

82 1879 245 1915 postulabat.
287 1878 363 1905 Unde
386 1878 461 1913 Papa
483 1878 526 1904 de-

83 1915 175 1947 crevit,
204 1917 235 1941 ut
263 1914 359 1941 fierent
388 1914 526 1940 doctorum

81 1951 221 1986 colloquia.
258 1950 401 1984 Aquaviva
420 1949 527 1975 nomine

81 1987 165 2014 totius
193 1986 333 2013 Societatis
367 1984 453 2019 (cujus
487 1993 527 2011 as-

82 2030 188 2049 sensum
216 2021 340 2057 petierat)
367 2029 394 2047 se
421 2029 528 2055 respon-

82 2066 173 2085 surum
187 2057 309 2092 promisit
323 2057 392 2083 circa
405 2056 528 2091 quaestio-

83 2102 144 2120 nem
163 2093 333 2129 principalem
352 2092 369 2119 i.
390 2100 411 2119 e.
433 2094 528 2124 „natu-

84 2138 140 2156 ram
168 2129 259 2164 gratiae
286 2128 444 2155 sufficientis
472 2128 529 2153 effi-

85 2165 172 2192 cacis“
180 2174 185 2197 ;
197 2167 226 2191 at
234 2164 321 2190 noluit
329 2164 434 2190 nomine
445 2163 529 2190 Socie-

84 2201 150 2228 tatis
168 2200 308 2227 defendere
325 2199 422 2226 librum
441 2199 530 2233 quoad

86 2244 176 2263 omnes
201 2236 300 2267 theses;
327 2235 377 2261 hoc
403 2235 473 2261 enim
500 2236 531 2260 ut

85 2280 193 2299 causam
215 2271 350 2306 privatam
371 2270 474 2297 remisit
496 2270 530 2296 ad

86 2308 234 2334 defensores
243 2315 259 2333 a
266 2307 366 2333 Molina
373 2306 532 2340 designatos.

88 2359 121 2363 —
128 2343 152 2369 E
160 2345 253 2370 contra
261 2342 430 2369 Dominicani
436 2342 533 2368 librum

87 2379 218 2413 integrum
228 2378 332 2404 Molinae
342 2377 470 2404 volebant
478 2379 532 2403 sta-

86 2417 160 2441 tuere
174 2414 347 2448 quaestionem
360 2413 531 2448 principalem

86 2450 220 2482 timentes,
259 2457 292 2475 ne
330 2449 457 2475 methodo
497 2448 531 2474 ab

86 2486 228 2520 Aquaviva
235 2484 372 2520 proposita
378 2492 532 2511 accusaren-

87 2523 133 2548 tur
147 2520 309 2548 Calvinismi.

72 2849 149 2881 1599
158 2849 223 2881 Lue
232 2847 421 2888 Hispaniam
431 2851 463 2879 et
472 2847 532 2878 Im-

91 2893 235 2925 sitaniam
268 2896 414 2925 vastante
447 2892 533 2923 haud

92 2938 183 2979 pauci
201 2937 283 2969 Socii
300 2937 423 2969 infectis
443 2936 533 2968 mini-

92 2986 226 3014 strantes
248 2981 400 3013 obierunt.

279 3114 338 3147 118

568 532 674 573 uiola),
690 536 722 564 et
732 532 873 563 Glaeense
883 531 997 573 (Bon).

550 710 627 742 1598
643 710 761 742 Iterum
775 709 935 751 pelluntur
948 709 999 740 Je-

569 755 659 786 suitae
697 765 713 785 e
755 753 988 794 Transylvania.

570 799 647 830 1599
668 798 806 830 restituti
834 802 998 830 vexantur.

552 976 747 1008 1598—1599
803 975 1002 1007 Restauratio

572 1020 726 1052 catholica
753 1020 784 1051 in
813 1020 917 1060 Scyria
946 1019 1002 1050 sub

572 1065 735 1096 archiduce
756 1065 781 1095 F
783 1064 962 1096 erdinando.

555 1242 749 1274 1598-1633
759 1241 823 1273 Sub
834 1241 1006 1273 archiduci-

574 1286 631 1318 bus
656 1286 784 1318 Alberto
816 1290 849 1318 et
874 1286 1007 1317 Isabella

575 1332 612 1362 23
655 1331 784 1362 diversae
826 1332 863 1363 D.
907 1340 996 1362 novae

576 1376 757 1417 aperiuntur
778 1376 809 1406 in
833 1375 944 1416 Belqio.

559 1554 596 1585 In
609 1553 745 1585 Helvetia
760 1554 889 1585 Jesuitae
903 1553 1008 1584 sedulo

578 1608 703 1639 operam
716 1598 878 1630 navabant
889 1598 921 1629 in
934 1598 1020 1629 scho-

576 1643 613 1674 lis
635 1647 668 1675 et
688 1643 869 1680 seminariis,
892 1642 1010 1673 missio-

576 1687 668 1719 nibus
697 1691 729 1719 et
756 1687 1010 1729 peregrinationi-

577 1732 634 1764 bus
657 1732 759 1764 sacris.

560 1911 597 1942 In
617 1910 701 1942 Valle
722 1909 840 1941 Tellina
857 1909 1011 1941 catholica

577 1955 761 1997 gubernium
798 1954 1000 1995 protestanti-

579 2010 649 2032 cum
657 1998 807 2031 Grisoniae
817 1999 919 2031 vetuit
929 1999 1014 2030 adire

579 2044 699 2076 scholas
738 2043 942 2081 Jesuitarum,
984 2053 1012 2074 c-

580 2089 657 2120 tiam
679 2092 768 2120 extra
789 2088 932 2129 patriani.

564 2356 640 2388 1599
651 2355 732 2388 Socii
745 2354 948 2386 Embrieenses
960 2355 1014 2386 mi-

582 2400 689 2433 litibus
705 2404 737 2432 et
752 2399 857 2431 amicis
873 2403 905 2431 et
918 2399 1014 2430 hosti-

583 2445 640 2477 bus
676 2444 709 2476 in
744 2453 859 2486 magna
894 2447 1014 2485 pertur-

583 2489 709 2522 batione
749 2498 874 2530 operam
915 2498 1003 2520 suam

582 2533 816 2576 impendebant.

565 2801 643 2832 1600
678 2799 816 2831 Societas
851 2802 1017 2830 revocatur

585 2844 819 2885 Aquisyranum,
831 2843 914 2874 unde
931 2853 1017 2874 coac-

585 2894 619 2922 ta
640 2892 773 2920 cesserat
794 2888 879 2919 1589.

764 3109 822 3142 119

1124 313 1245 349 Anglia‚
1267 312 1394 342 Polonia
1671 309 1830 338 Missiones
1851 309 1968 338 exterae

1031 440 1079 472 Ab
1096 449 1177 471 anno
1191 440 1267 471 1596
1279 438 1410 470 Jacobus
1422 437 1479 468 Αγ-
1516 436 1602 467 1594.
1631 436 1667 466 In
1693 435 1821 467 Cinaloa
1846 434 1991 475 (Mexico)
2018 439 2135 475 marty-

1052 495 1142 522 cerus,
1156 484 1306 515 Henricus
1317 482 1483 514 Fitzsiinon
1534 481 1614 511 rium
1636 479 1815 511 Gundisalvi
1839 479 1873 510 de
1900 478 2010 519 Tapia.

1052 534 1083 560 et
1110 529 1163 560 alii
1188 528 1368 559 Hiberniam
1395 536 1482 558 exco-

1051 574 1112 605 lere
1133 573 1271 605 student.

1506 658 1582 689 1594
1597 657 1724 698 erigitur
1737 659 1773 689 V.
1788 659 1836 688 Pr.
1852 666 1906 697 pro
1922 656 2034 687 insulis
2052 655 2136 686 Phil-

1535 702 1655 742 ippinis
1708 701 1778 742 (sub
1818 701 1910 732 Prov.
1951 700 2138 741 Mexicana),

1034 752 1111 782 1596
1144 750 1286 781 Robertus
1320 748 1484 780 Personias
1538 747 1614 778 1605
1636 746 1675 778 fit
1695 746 1742 777 sui
1762 746 1848 787 juris.

1054 795 1093 826 ab
1124 794 1291 835 Aquaviva
1321 793 1484 834 praefectus

1054 839 1206 871 missionis
1232 837 1369 879 Anglicae
1395 838 1425 869 S.
1454 837 1483 868 J.

1055 888 1185 915 creatur.

1520 924 1596 955 1595
1619 925 1825 960 Hieronymus
1848 924 1997 953 xaverius
2020 922 2141 962 (Sancti

1539 968 1796 1009 consanguineus)
1812 967 1896 1008 apud
1911 967 2060 1008 Magnum
2076 966 2142 997 Mo-

1538 1023 1642 1054 gorem
1662 1012 1783 1050 Akbar;
1803 1012 1821 1043 3
1840 1011 1994 1053 principes
2015 1020 2143 1042 conver-

1039 1062 1114 1093 1596
1129 1061 1278 1093 Societati
1293 1059 1379 1092 sedes
1395 1059 1488 1090 datur
1541 1062 1660 1089 tuntur.

1060 1105 1190 1137 Torunii
1201 1105 1234 1136 in
1246 1104 1371 1136 Prussia
1380 1103 1484 1145 Regia.

1524 1235 1600 1266 1595
1633 1235 1843 1276 Inauguratur
1873 1235 1914 1265 M.
1946 1232 2144 1264 Madurensis

1040 1284 1115 1315 1597
1136 1282 1307 1315 Lithuania
1326 1282 1365 1313 fit.
1385 1283 1420 1313 V.
1441 1283 1489 1312 Pr.
1543 1290 1597 1321 per
1616 1279 1798 1311 Gonsalvum
1822 1277 2003 1309 Fernandes.

1059 1328 1116 1360 sub
1132 1328 1168 1359 V.
1184 1326 1372 1358 Provinciali
1386 1326 1490 1357 Fride-

1059 1373 1121 1404 rico
1144 1372 1294 1404 Bartscio.

1526 1458 1611 1489 1597.
1645 1457 1681 1488 In
1711 1456 1849 1497 Japonia
1877 1455 2064 1496 martyrium
2094 1455 2146 1496 (26

1546 1502 1799 1534 canonizatorum
1822 1511 1841 1532 a
1862 1500 1918 1532 Pio
1943 1500 2023 1541 IX.).

1043 1552 1119 1583 1597
1171 1550 1306 1582 Joannes
1345 1547 1493 1580 Gerardus

1062 1599 1134 1637 post
1164 1594 1279 1626 multos
1311 1598 1343 1625 et
1374 1598 1493 1625 atroces

1062 1640 1226 1678 cruciatus,
1278 1649 1315 1670 ex
1353 1637 1495 1670 custodia

1062 1683 1250 1716 Londinensi
1271 1683 1401 1715 feliciter
1423 1692 1494 1714 eva·
1530 1680 1565 1711 In
1583 1680 1717 1711 Pcruvia
1733 1679 1919 1720 martyrium
1938 1679 2094 1708 Michaelis
2111 1678 2148 1708 de

1062 1730 1119 1761 dit.
1548 1726 1653 1757 Urrea.

1045 1908 1121 1939 1598
1143 1909 1216 1945 Dpr.
1241 1905 1405 1938 Varsavioe.
1530 1903 1616 1934 1597.
1634 1902 1662 1934 9.
1681 1902 1754 1933 Jun.
1774 1901 1793 1943 †
1810 1903 1885 1933 Ven.
1907 1902 1971 1932 Jos.
1988 1901 2151 1936 Anchieta,

1550 1947 1790 1988 thaumaturgus
1812 1945 1958 1977 Brasiliae.

1063 2123 1104 2147 Pr.
1130 2122 1244 2147 Polonlae
1274 2122 1302 2145 et
1325 2121 1355 2145 V.
1374 2120 1416 2145 Pr.
1440 2119 1483 2144 Li-

1169 2157 1286 2182 thuaniae
1306 2155 1382 2181 1599:

1064 2203 1126 2233 Dpr.
1146 2201 1170 2227 S.
1190 2200 1269 2226 Barb.

1064 2239 1130 2269 pr.
1148 2238 1172 2263 s.
1188 2236 1278 2270 Steph.

1097 2283 1124 2308 c.
1144 2280 1327 2311 Posnaniense,
1348 2278 1483 2306 Calissien-

1065 2315 1482 2347 se,Lublinense,Jaroslaviense‚

1066 2350 1484 2386 Vilnense,Brunsbergense,Pul-

1065 2388 1191 2419 toviense,
1211 2388 1402 2417 Nesuieziense,
1419 2386 1484 2412 Der-

1065 2426 1182 2458 patense,
1202 2423 1350 2454 Poloccnsc,
1372 2422 1483 2456 Rigense

1067 2461 1170 2492 (pr.);
1189 2461 1225 2486 M.
1244 2459 1336 2485 aulica„

1532 2126 1608 2157 1598
1642 2125 1662 2166 †
1695 2124 1877 2155 Taicosama
1909 2126 2088 2164 persecutor
2120 2122 2152 2153 in

1550 2169 1696 2210 Japonm.

1292 2200 1304 2269 Β
1326 2218 1433 2244 Cracov.

1532 2347 1727 2379 1598-1599
1763 2349 1906 2377 Christiani
1931 2349 1958 2375 S.
1986 2348 2093 2374 Thomae
2126 2347 2154 2374 in

1555 2392 1633 2418 India
1656 2399 1703 2425 per
1717 2390 1952 2424 Archiepiscopum
1976 2388 2099 2415 Goanum
2125 2390 2153 2413 et

1553 2427 1671 2454 Jesuitas
1690 2435 1706 2453 a
1723 2425 1934 2452 Nestorianismo
1952 2426 2120 2450 revocantur.

1099 2505 1131 2530 R.
1150 2502 1334 2537 Leopoliensss,
1352 2502 1483 2528 Torunen-

1065 2540 1108 2571 sis,
1117 2539 1285 2566 Gedanensis.
1294 2537 1481 2564 Vin-saviensis.

1167 2583 1235 2611 Socii
1281 2582 1330 2608 432
1347 2590 1382 2609 sc·
1531 2561 1674 2603 Synodus
1696 2558 1947 2601 Diamperiensis.

1335 2617 1385 2679 {a

1336 2688 1385 2715 138

1168 2619 1224 2646 sac.

1166 2654 1252 2682 Schol.

1166 2690 1246 2717 coad.
1532 2694 1609 2726 1599
1630 2693 1806 2726 Vincentius
1822 2692 1962 2730 Alvarus,
1980 2690 2081 2723 Goam
2101 2700 2156 2721 na-

1552 2739 1674 2781 vigans,
1706 2748 1726 2770 a
1754 2736 1985 2769 Mahumetanis
2015 2739 2155 2767 necatur.

1557 2881 1632 2908 Circa
1657 2888 1719 2906 ann.
1747 2879 1814 2906 1600
1840 2877 2000 2905 missionarii
2025 2877 2051 2903 S.
2078 2876 2104 2903 J.
2131 2876 2159 2902 in

1556 2917 1648 2949 Africa
1664 2915 1842 2951 patrocinium
1857 2914 2031 2948 susceperunt
2050 2912 2158 2943 nigrita-

1556 2960 1616 2979 rum
1640 2952 1740 2986 injuste
1765 2951 1793 2977 in
1814 2949 1973 2976 servitutem
1995 2949 2158 2974 coactorum.

1557 2988 1602 3015 Ita
1614 2988 1735 3014 Bari-elta
1746 2986 1774 3013 in
1786 2985 1899 3017 Guinea,
1912 2985 2019 3016 vogado
2039 2985 2067 3009 et
2081 2984 2160 3009 Veros

1557 3024 1586 3050 in
1603 3023 1691 3058 Congo
1709 3024 1738 3049 et
1753 3021 1866 3057 Angeia.

1811 3101 1869 3133 121

1051 2887 1128 2918 1599
1180 2885 1428 2922 Archipresbyter
1468 2883 1501 2914 in

1070 2930 1192 2972 Anqlia.

1247 3106 1306 3138 120
