2372 3550
1745 265 1840 354 11.
1900 264 2286 356 Semen

1322 411 1385 469 A
1422 411 1906 481 suppressione
1942 425 2159 479 usque
2199 410 2291 467 ad.

269 587 405 618 Historia
425 587 685 623 contemporanea

806 563 924 593 summi
944 562 1121 598 Pontifices,
1166 545 1171 546 ⁷

797 608 920 637 Litterae
941 607 1127 643 Apostolicae

1240 583 1374 614 Societas
1399 583 1474 612 Jesu
1494 583 1527 613 in
1548 583 1661 613 Russia

1904 582 2005 618 Italia,
2024 582 2123 611 Gallia

794 757 882 789 1774.

196 892 272 925 Gall.
301 892 479 925 Ludovieus
507 892 594 924 XVI.
624 892 742 924 1774-
776 891 875 923 Breve
896 890 1120 932 suppressionis

218 937 306 970 1793.

199 1303 285 1336 1774.
332 1302 522 1345 Fragmenta
547 1302 744 1335 Wolfenbiit-

219 1347 336 1379 teliana
350 1348 490 1389 (auctore
506 1347 665 1390 Reimaro)
681 1348 743 1380 edi-

219 1395 255 1424 ta
266 1402 285 1424 a
296 1392 433 1434 Lessing.

776 954 803 986 1.
824 956 935 985 contra
952 963 1148 985 communem

794 1008 885 1030 usum
897 1008 961 1030 non
973 1001 1041 1030 erat
1052 997 1148 1030 direc-

1200 755 1295 794 facta,
1321 755 1493 787 Catharina
1517 754 1559 787 II.
1584 754 1717 795 impera-

1201 800 1265 831 trix
1290 799 1458 841 occupavit
1481 802 1605 840 partem
1628 798 1718 831 Albae

1202 844 1323 877 Russiae
1348 848 1380 876 et
1406 844 1553 885 exiguum
1578 843 1718 875 Livoniae

1202 892 1350 921 tractum.
1410 889 1480 926 Qua
1513 887 1717 929 occupatione

1201 934 1234 966 in
1252 934 1386 966 Russam
1403 933 1554 965 ditionem
1570 932 1715 964 transire:

795 1046 864 1074 tum
880 1042 921 1074 ad
935 1042 1031 1074 unam
1045 1052 1149 1084 perso-
1182 1034 1214 1065 c.
1237 1031 1405 1065 Polocense
1429 1030 1583 1072 (omnium
1607 1030 1716 1072 max),

794 1097 868 1119 nam
891 1086 1148 1125 determinatam;
1183 1086 1214 1118 G.
1237 1084 1483 1127 Duneburgense
1506 1087 1539 1116 et
1554 1085 1664 1122 Daph„

776 1151 878 1182 anon
888 1149 950 1181 fuit
961 1149 1069 1181 Romae
1078 1158 1149 1191 pm-
1183 1140 1215 1172 G.
1238 1138 1422 1180 Vitepsense
1446 1141 1479 1170 et
1502 1137 1647 1175 Orsense;

794 1193 970 1236 mulgatum
1005 1193 1038 1225 in
1073 1193 1149 1226 locis
1183 1194 1222 1225 R.
1251 1190 1481 1224 Mohileviensis
1512 1194 1545 1223 et
1580 1189 1718 1223 Mscisla-

796 1238 951 1271 consuetis
959 1248 966 1277 ;

1203 1235 1318 1269 viensis
1325 1247 1332 1275 ;

775 1301 803 1333 3,
815 1304 852 1332 ut
861 1300 1152 1342 ffimlefflshaberet,
1183 1291 1226 1322 Μ.
1240 1289 1424 1339 Dagdensis,
1439 1288 1611 1339 Pusmnsis,
1627 1288 1717 1321 Chal-

795 1345 888 1387 juxta
922 1345 1150 1377 ordinationem
1204 1344 1329 1384 czen51s‚
1347 1378 1353 1385 ο
1368 1334 1619 1384 Czeczerscensrs,
1659 1333 1717 1365 Lo-

795 1390 890 1431 Papae
918 1394 951 1422 et
979 1389 1150 1432 congrega,
1204 1388 1380 1418 sovmenffis,
1404 1379 1581 1410 Rasnensrs.
1624 1378 1668 1410 Et

796 1434 889 1467 tionis
939 1434 1150 1466 Cardinahurn

796 1479 837 1511 ad
852 1479 911 1511 hoc
927 1478 1082 1511 institutae
1098 1489 1150 1511 ne—

797 1534 879 1556 cesse
895 1527 972 1563 erat,
981 1526 1018 1556 ut
1031 1523 1071 1556 ab
1089 1524 1151 1565 epi-

796 1568 897 1610 seopis
914 1568 947 1600 in
965 1567 1093 1610 singulis
1112 1570 1150 1601 D.

796 1613 826 1645 S.
844 1613 873 1645 J.
890 1612 1149 1655 promulgaretur.

199 1739 277 1772 1776
320 1738 447 1778 ‚,Ordo“
490 1739 743 1773 Hluminatorum
775 1738 864 1779 Papa
889 1737 956 1779 ipse
984 1737 1151 1770 Siestrzen-

219 1783 439 1826 (Weishaupt).

199 2407 286 2440 1776.
308 2408 335 2440 4.
356 2408 420 2440 Jul.
441 2407 575 2440 Coloniae
592 2408 744 2441 Amerieae

218 2451 469 2493 septentrionalis
481 2462 513 2485 se
525 2452 686 2486 declarant
697 2454 743 2486 in-

219 2495 429 2537 dependentes
450 2496 491 2529 ab
511 2497 634 2539 Anglia.

199 2805 272 2838 Lus.
290 2806 390 2839 Maria
407 2807 431 2839 Ι.
450 2807 656 2841 1777-1816.

447 3117 506 3150 362

796 1782 921 1821 cevici0‚
930 1782 1154 1824 episcopoMal-

795 1826 882 1866 lensi,
896 1836 931 1859 eo
943 1830 1083 1868 ternpore
1093 1837 1150 1869 pro

794 1871 877 1904 Alba
886 1871 1000 1904 Russia
1009 1871 1151 1914 delegato

796 1926 850 1948 seu
880 1915 1003 1949 Vicario
1034 1916 1151 1958 episco—

796 1970 909 2002 porum
931 1960 1086 1993 Vilnensis
1119 1965 1152 1994 et

795 2005 997 2044 Livoniensis,
1014 2008 1047 2038 et
1066 2009 1152 2048 post-

797 2060 834 2082 ea
870 2049 966 2082 etiam
1001 2050 1151 2093 archiepi-

797 2094 882 2136 scopi
933 2094 1151 2128 Smolescensis

796 2139 1020 2180 (1773-1784)
1047 2139 1152 2182 aliquo

795 2183 889 2216 modo
902 2183 1101 2226 significavit,
1115 2188 1153 2218 ut

796 2227 927 2261 Jesuitis
969 2228 1002 2261 in
1037 2229 1153 2262 Russia

794 2272 992 2315 permitteret
1025 2284 1151 2307 manere

798 2317 831 2350 in
853 2320 941 2350 statu
964 2328 1034 2360 quo.

931 3116 991 3148 363

1212 1433 1280 1465 Sae.
1352 1431 1390 1463 97

1212 1476 1314 1509 Schol.
1352 1476 1390 1507 49

1212 1521 1307 1554 Coad.
1351 1520 1390 1553 55

1204 1578 1278 1607 ante
1291 1574 1389 1607 finem
1403 1574 1481 1606 1773
1495 1574 1533 1605 26
1546 1577 1603 1606 aut
1615 1574 1715 1607 Schol.

1204 1623 1261 1652 aut
1278 1619 1404 1651 florenti
1422 1621 1516 1651 aetate
1534 1618 1644 1651 Patres
1662 1619 1717 1651 So-

1205 1664 1351 1697 cietatem
1373 1663 1597 1704 deseruerunt).

1452 1454 1509 1485 201
1535 1453 1586 1495 (ex
1612 1453 1678 1495 qui-

1472 1498 1530 1530 bus
1562 1501 1668 1530 tamen

1186 1913 1273 1946 1773.
1297 1913 1345 1945 19.
1369 1912 1454 1954 Sept.
1478 1911 1626 1954 Princeps
1650 1911 1716 1954 Igu.

1203 1956 1394 1996 Massakius,
1414 1957 1575 1999 episcopus
1592 1956 1718 1989 Vilnen-

1204 2002 1255 2041 sis,
1278 2001 1367 2034 Albae
1390 2001 1510 2034 Russiae
1533 2001 1717 2041 ordinarius,

1204 2046 1295 2089 jubet
1309 2045 1414 2079 Socios
1428 2046 1462 2078 in
1478 2055 1513 2078 eo
1530 2045 1637 2078 ordine
1652 2056 1718 2078 ma-

1204 2101 1286 2131 nere,
1314 2091 1348 2123 in
1376 2100 1437 2132 quo
1465 2093 1541 2123 tunc
1569 2094 1660 2123 erant
1686 2095 1718 2123 et

1204 2139 1299 2169 antea
1332 2135 1467 2168 fueram.
1576 2134 1717 2177 Idipsum

1204 2180 1268 2222 (vel
1286 2180 1426 2213 dictante
1444 2179 1611 2212 formulam
1630 2179 1717 2212 Nun-

1204 2225 1249 2258 tio
1266 2224 1429 2266 Garampi)
1445 2224 1507 2257 ΡΡ.
1525 2224 1717 2257 Livoniensi-

1203 2269 1262 2303 bus
1311 2268 1474 2312 episcopus
1523 2269 1716 2302 Livoniensis

1203 2314 1327 2357 scripsit
1347 2317 1382 2349 et
1395 2313 1584 2356 praescripsit
1598 2314 1715 2355 (mense

1202 2358 1390 2400 Decembri).

1414 3112 1473 3144 364

774 712 913 745 Clemens
926 711 1014 745 XIV.
1029 712 1147 744 1769-
1181 712 1258 743 1772
1278 710 1380 752 prima
1394 709 1565 752 partitione
1580 709 1717 741 Poloniae
1750 710 1787 742 In
1809 710 1909 742 Gallia
1933 709 2033 742 Breve
2057 709 2232 748 „Dominus
2256 718 2292 741 ac

1770 754 1982 796 Redemptor“
2011 764 2074 786 non
2102 754 2164 785 fuit
2191 753 2293 795 publi-

1769 802 1875 831 catum
1914 799 1953 831 ab
1992 798 2157 840 episcopis;
2197 808 2293 839 quare

1769 843 1839 876 Gar.
1862 843 1958 885 Borqo
1978 843 2010 885 (†
2031 843 2122 885 1794)
2142 843 2221 875 1780
2242 843 2293 875 de-

1769 888 1919 920 fendebat
1934 887 2046 927 thesin,
2064 887 2148 930 quod
2167 889 2197 920 S.
2216 889 2246 920 J.
2260 888 2293 920 in

1770 932 1873 965 Gallia
1895 943 1958 964 non
1982 932 2023 964 sit
2046 932 2200 964 censenda
2222 942 2294 974 sup-

1769 987 1883 1019 pressa.

1748 2404 1835 2437 1775.
1868 2405 1915 2437 24.
1948 2404 2028 2436 Nov.
2059 2403 2080 2445 †
2109 2404 2292 2435 Laurentius

1767 2451 1862 2488 Ricci,
1869 2448 2028 2482 Generalis
2042 2448 2200 2490 quondam
2210 2449 2240 2480 S.
2250 2449 2270 2478 J
2271 2471 2291 2487 .,

1766 2494 1800 2526 in
1828 2493 1961 2526 Castello
1989 2493 2019 2525 S.
2048 2492 2168 2535 Angeli,
2197 2491 2291 2534 paulo

1767 2541 1841 2571 ante
1855 2541 1989 2570 mortem
2003 2536 2181 2570 solemniter
2195 2539 2291 2568 testa-

1766 2586 1818 2614 tus
1844 2592 1933 2615 suam
1959 2581 2186 2623 societatisque
2202 2580 2291 2613 inno-

1767 2627 1912 2660 centiam.
1957 2625 2104 2668 Sepultus
2134 2628 2182 2658 est
2205 2624 2291 2666 apud

1766 2681 1837 2703 suos
1903 2671 2075 2704 decessores
2139 2669 2290 2702 mandato

1764 2716 1813 2748 Pii
1834 2715 1888 2748 VI.

1976 3113 2037 3146 365
