2372 3550
809 299 927 330 Summi
947 299 1124 334 Pontifices,

796 344 922 374 Litterae
943 343 1133 379 Apostolieae

1208 297 1371 333 Praepositi
1392 296 1422 326 et
1442 295 1697 331 congregationes

272 325 409 355 Historia
429 324 686 360 contemporanea
1371 342 1469 370 Gener
1470 341 1517 370 ale
1519 347 1533 369 s

1910 318 2010 353 Italia,
2030 317 2128 347 Gallia

1186 447 1271 478 1680.
1305 447 1331 478 1.
1363 446 1433 478 Jan.
1466 445 1564 485 Epist.
1599 448 1640 475 De
1660 448 1718 482 qui·
1751 444 1828 476 1677
1873 444 2041 476 Occasione
2069 443 2193 476 Jubilaei
2221 453 2293 475 con-

1206 491 1320 517 busdam
1332 490 1465 524 capitibus
1477 489 1511 516 ad
1522 489 1655 524 regiminis
1666 489 1719 515 ior-

1207 535 1279 552 mam
1299 525 1504 560 pertinentibus.

782 761 868 792 1681.
885 761 913 792 3.
930 760 1004 792 Dec.
1021 759 1154 791 Incredi-
1188 759 1273 790 1681.
1293 759 1339 790 26.
1359 758 1439 790 Nov.
1456 757 1476 799 †
1492 758 1606 788 Paulus
1620 757 1718 787 Oliva.

802 805 883 837 bilis:
906 807 1075 835 Ferdinando
1090 808 1153 834 Ver-

804 849 875 875 biest
891 849 917 876 S.
937 849 962 875 J.
981 848 1104 875 laetitiam
1121 848 1153 874 si-

840 885 916 911 iiicat
925 884 957 910 de
965 884 1050 911 missis
1059 884 1158 910 missali

832 929 927 947 omano
935 920 1039 947 Sinensi
1047 920 1157 946 idioma-

805 959 832 983 te
851 956 1001 990 conscripto
1020 957 1047 982 et
1064 955 1157 990 imagi-

804 993 883 1019 nibus
902 992 1095 1018 astronomicis.

209 1120 294 1152 1682.
313 1119 490 1151 Declaratio
510 1118 581 1151 cleri
597 1118 749 1161 gallicani.

229 1165 248 1196 4
269 1164 400 1196 articuli.
1212 1158 1453 1197 1615Bruxellis‚
1470 1158 1547 1200 ingr.
1560 1157 1660 1199 1630),
1672 1157 1724 1189 Se-

1213 1204 1361 1236 cretarius
1369 1203 1537 1242 Generalis,
1548 1206 1658 1244 postea
1667 1202 1724 1234 As-

1771 488 1846 521 cessi
1874 499 1937 520 non
1967 488 2066 520 solum
2087 487 2295 529 missionibus,

1769 533 1980 569 concionibus.
1998 532 2162 565 audiendis
2179 532 2297 564 conses-

1773 577 1910 610 sionibus
1954 577 2148 619 generalibus
2183 586 2298 608 vacan-

1775 622 1850 653 dum
1857 626 1924 654 erat
1931 621 2175 653 extraordinario
2182 620 2297 656 labore.

1772 666 1826 698 sed
1842 666 1938 698 etiam
1946 666 2071 707 plurimi
2085 666 2170 707 apud
2182 665 2296 707 Socios⁷

1773 711 1921 743 exercitia
1941 710 2116 752 spiritualia
2137 710 2295 742 obierunt:

1773 755 1806 786 in
1829 755 2003 787 Venetensz's
2032 757 2064 787 G.
2087 755 2179 786 domo
2207 754 2247 786 ad
2267 754 2300 785 id

1771 799 1931 831 destinata
1953 800 2031 831 2520
2055 799 2195 831 omnium
2220 798 2300 830 ordi-

1773 854 1850 875 num
1876 844 1946 883 viri,
1982 845 2064 876 inter
2095 853 2171 885 quos
2202 853 2299 875 sacer-

1775 889 1863 920 dotes
1877 888 1940 920 fere
1959 889 2032 927 500;
2054 888 2087 920 in
2108 887 2301 920 Nannetensi

1776 935 1813 965 R.
1829 933 1888 964 130
1908 943 1972 964 non
1993 933 2130 975 vulgaris
2146 935 2230 964 notae
2245 932 2299 963 ho-

1775 977 1873 1053 rgines
1890 981 1922 1009 et
1936 977 1968 1009 in
1987 977 2186 1009 Rhedonensi
2197 978 2228 1009 G.
2238 979 2301 1008 tot-

1776 1033 1786 1053 l
1810 1032 1868 1054 em.

1192 1116 1254 1147 De
1274 1114 1460 1156 Noyeffle,
1478 1115 1603 1145 carolus
1617 1113 1724 1154 (natus
1757 1111 1835 1143 1679
1860 1110 1888 1142 A
1906 1113 1956 1144 Pr.
1980 1110 2084 1143 Sicula
2105 1111 2232 1152 incepta
2255 1113 2303 1142 est

1777 1158 1815 1189 R.
1847 1155 1992 1187 Tenemis
2019 1155 2052 1187 in
2078 1155 2181 1187 insula
2207 1154 2302 1186 maris

1777 1200 1890 1242 Aegaei,
1901 1200 1956 1232 ubi
1966 1200 2031 1242 jam
2043 1210 2062 1232 a
2072 1200 2149 1232 1661
2160 1200 2195 1232 P.
2207 1199 2302 1231 Mich.

1212 1249 1323 1281 sistens
1341 1248 1523 1286 Germaniae,
1543 1247 1658 1279 electus
1678 1250 1726 1278 est
1778 1245 1957 1277 Albertinus
1979 1244 2108 1286 (ibidem
2129 1244 2236 1286 natus)
2259 1243 2304 1275 la-

1213 1293 1356 1325 omnibus
1379 1292 1536 1334 suffragiis

1214 1339 1301 1370 1682.
1343 1338 1371 1370 5.
1395 1337 1457 1369 Jul.

1780 1289 1924 1321 borabat.

1197 1472 1384 1504 Decreta
1422 1469 1725 1512 Gongregatio-
1763 1468 1840 1500 1679
1849 1467 2052 1500 Provincialis
2064 1467 2225 1499 Romanus
2236 1476 2307 1498 cum

1214 1516 1283 1548 nis
1307 1516 1424 1548 XII.:

1194 1571 1217 1596 1.
1237 1568 1302 1603 quid
1311 1568 1347 1594 sit
1361 1566 1557 1599 ‚‚Assistentia“
1568 1566 1730 1598 declaratur-3

1194 1615 1218 1640 2.
1237 1614 1270 1639 de
1283 1612 1454 1648 providentia
1466 1610 1656 1638 Assistentium
1670 1618 1732 1645 erga

1238 1648 1406 1680 Generalem;

1195 1694 1219 1721 3.
1238 1693 1271 1719 de
1286 1694 1367 1719 aetate
1383 1692 1418 1718 ad
1433 1691 1545 1726 gradum
1562 1689 1731 1724 Coadjutoris

1238 1728 1384 1764 spiritualis
1401 1727 1542 1762 requisita;

1196 1774 1221 1801 4.
1240 1773 1365 1808 Superior
1375 1771 1484 1803 nemini,
1495 1779 1529 1797 ne
1541 1769 1664 1797 Generali
1675 1769 1733 1804 qui-

1240 1809 1310 1841 dem,
1320 1808 1467 1843 quidquam
1475 1806 1593 1833 revelare
1602 1807 1692 1841 potest
1700 1813 1733 1832 ex

1239 1845 1343 1872 ratione
1361 1843 1528 1871 conscientiae
1546 1842 1598 1869 sibi
1614 1841 1732 1874 reddita;

1198 1890 1222 1917 5.
1241 1888 1352 1916 tertium
1362 1895 1475 1914 examen
1492 1887 1527 1914 ad
1536 1886 1651 1921 gradum
1666 1894 1733 1912 nun-

1242 1932 1332 1959 quam,
1354 1923 1500 1950 secundum
1521 1922 1653 1949 rarissime
1674 1923 1734 1949 tan-

1242 1963 1302 1987 tum
1319 1959 1449 1986 concedat
1465 1958 1612 1990 Generalis;

1200 2006 1223 2033 6.
1243 2003 1486 2039 compensationem
1511 2011 1558 2037 pro
1582 2002 1735 2029 ministeriis

1242 2041 1315 2067 nullo
1335 2039 1416 2066 modo
1437 2040 1575 2074 acceptare
1594 2038 1666 2070 licet,
1686 2045 1735 2064 nee

1243 2075 1378 2104 Generalis
1394 2075 1423 2101 id
1439 2074 1594 2110 permittere
1610 2075 1712 2109 potest;

776 2121 781 2173 Ι
1201 2123 1225 2149 7.
1243 2119 1500 2162 regulae-condendae
1516 2127 1563 2159 pre
1580 2118 1656 2159 Socio
1673 2118 1736 2159 1³19-

777 2175 783 2245 Ι
1243 2156 1373 2188 vmcraffl,
1391 2156 1467 2183 Soclo
1484 2156 1605 2189 maglstrl
1621 2155 1736 2180 nowtio-

216 1922 303 1954 1683.
323 1923 370 1954 12.
389 1922 474 1964 Sept.
494 1922 616 1955 Vienna
631 1933 687 1965 per
704 1923 757 1955 Jo-
792 1923 878 1955 1683.
891 1922 938 1954 28.
950 1921 1029 1962 Aug.
1042 1920 1167 1952 Dudum

237 1977 350 1999 annem
366 1967 507 2000 Sobieski
532 1967 572 1999 ab
599 1967 759 2000 obsidione
812 1967 921 2007 felicis:
936 1969 1035 1996 festum
1048 1969 1073 1996 S.
1085 1969 1167 1995 Fran-

237 2012 406 2043 Turcorum
416 2011 559 2045 liberata,
816 2011 878 2038 cisci
897 2010 995 2044 Borgia
1009 2010 1170 2037 transfertur

816 2047 844 2073 in
865 2047 906 2073 10.
921 2046 1051 2073 Octobris.

1245 2200 1313 2224 rum,
1336 2192 1501 2219 Instructore
1522 2192 1572 2217 etc.

227 2678 423 2710 1683—1699
436 2678 557 2710 Bellum
571 2682 681 2711 contra
693 2679 768 2711 Tur-

246 2732 311 2761 0053
337 2722 480 2764 princeps
506 2723 674 2765 Eugenius.
1229 2720 1293 2744 tura
1310 2718 1436 2743 votorum
1455 2714 1613 2742 devotionis.

478 3122 537 3154 234
1444 3114 1503 3146 236

960 3118 1019 3152 235

1784 1514 1802 1544 2
1815 1512 1914 1544 Sociis
1933 1512 2066 1544 Mbmm'
2082 1512 2227 1553 (optante
2242 1520 2308 1542 ma-

1781 1567 1842 1599 gno
1851 1557 1942 1598 duce)
1948 1555 2243 1589 habuitmissionem
2250 1555 2308 1587 dif-

1784 1602 1907 1640 ficilem,
1933 1605 1968 1633 at
1991 1601 2198 1633 fructuosam:
2225 1610 2308 1632 com-

1783 1646 1984 1678 municarunt
2010 1645 2121 1678 saltem
2148 1645 2267 1678 15.000.

1767 1914 1843 1946 1682
1856 1913 1990 1945 Omnino
2003 1911 2267 1944 extraordinarius
2278 1910 2311 1942 in

1789 1957 1923 1989 Francia
1950 1957 1991 1989 ad
2018 1955 2160 1988 exercitia
2185 1955 2312 1996 spuitu-

1787 2002 1850 2034 alia
1859 2002 1892 2034 S.
1904 2002 1925 2033 I
1924 2001 2021 2043 quatit
2031 2010 2197 2033 concursus
2207 2009 2312 2032 narra-

1788 2050 1849 2079 tur.
1870 2046 2029 2078 Rhedonis
2048 2045 2164 2078 exculti
2181 2047 2256 2077 sunt
2273 2044 2314 2076 ad

1787 2091 1847 2123 350
1865 2101 1905 2123 ex
1922 2090 2078 2123 nobilibus
2098 2093 2130 2122 et
2146 2088 2312 2131 primariis,

1787 2137 1821 2168 in
1852 2136 1945 2167 domo
1978 2133 2155 2174 „ascetica“
2188 2133 2313 2165 Nanne-

1789 2180 1870 2213 tensi
1891 2179 1951 2211 viri
1971 2179 2035 2211 fere
2057 2179 2125 2217 300,
2148 2177 2315 2219 Corisopiti

1789 2225 1831 2257 ad
1844 2225 1922 2256 1000
1936 2223 2066 2262 circiter,
2080 2223 2163 2255 inter
2177 2232 2229 2254 eos
2242 2231 2314 2264 pro-

1789 2280 1844 2301 rex
1849 2268 2027 2307 Armoricae,
2037 2267 2177 2310 praefecti
2184 2266 2230 2299 rei
2238 2276 2314 2298 nau-

1790 2314 1861 2346 ticae
1884 2324 1922 2345 ex
1943 2316 2038 2355 portu
2061 2311 2228 2344 Brestensi.
2273 2310 2317 2342 Et

1792 2358 1919 2400 quidem
1947 2367 2018 2390 cum
2045 2356 2152 2389 fructu
2180 2355 2317 2388 saluber-

1790 2403 1870 2435 rimo
1899 2405 1932 2434 et
1963 2401 2060 2440 uberi,
2086 2403 2123 2433 ut
2146 2400 2206 2442 ipsi
2231 2409 2317 2432 exer-

1792 2447 1883 2479 citati
1910 2446 2102 2479 fatebantur.

1209 2674 1295 2706 1683.
1322 2674 1348 2705 7.
1371 2672 1450 2714 Aug.
1488 2670 1600 2711 Epist:
1631 2674 1671 2700 De
1693 2682 1740 2700 na·
1772 2668 1936 2701 Publicum
1947 2666 2113 2699 discidium
2122 2666 2205 2698 inter
2215 2665 2317 2697 Ludo-

1793 2713 1898 2745 vicum
1911 2712 1999 2744 XIV.
2020 2714 2052 2743 et
2073 2711 2180 2743 Innoc.
2194 2709 2262 2741 ·XI.
2279 2709 2319 2741 ob

1792 2756 1908 2799 regalia
1925 2767 1965 2788 ne
1983 2757 2167 2797 erumperet,
2187 2753 2319 2795 impedi-

1792 2802 1841 2833 vit
1861 2800 2010 2833 mediatio
2026 2799 2131 2831 Patris
2151 2797 2318 2836 Lachaize;

1793 2846 1897 2878 aditus
1916 2854 1989 2877 vero
2008 2843 2119 2885 aliquis
2145 2843 2186 2875 ad
2209 2852 2320 2884 pacem

1792 2893 1916 2923 mortuo
1944 2888 2078 2930 denique
2100 2887 2190 2929 Papa
2209 2887 2319 2919 inven-

1792 2938 1845 2967 tus
1866 2936 1923 2966 est.

2009 3109 2068 3142 237
