2372 3550
273 323 409 353 Historia
430 323 687 359 contemporanea

810 301 927 329 Summi
948 300 1123 335 Pontifices,

1206 284 1368 336 Praepositi
1389 284 1428 330 et*
1440 285 1696 336 congregationes
1715 284 1728 286 ⁴
1740 284 1758 286 ’ἶ

796 344 923 374 Litterae
944 345 1132 380 Apostolicae

203 450 743 492 16108.ἙΥο110,Ξο1051110(-1-1622)
778 450 864 482 1609.
898 451 925 481 1.
958 450 1032 481 Dec.
1066 449 1150 481 Inter

222 506 293 528 cum
314 496 343 528 S.
366 496 531 527 Francisca
551 495 589 526 de
610 495 743 527 Chantal
797 504 895 526 emas:
921 497 1057 524 Seholares
1083 506 1147 532 pau-

222 540 335 572 fundat
349 540 496 572 Ordinem
511 540 549 571 de
564 539 743 571 visitatione
800 546 873 572 peres
907 537 1074 564 ferdinandei
1121 538 1149 564 in

223 585 258 617 B.
280 585 321 617 M.
345 585 380 617 V.

203 719 278 750 1611
298 718 409 749 Petrus
429 718 467 749 de
488 717 609 749 Berulle
629 717 743 748 fundat

222 763 399 794 Oratoriuni
421 762 582 794 Gallicum.

200 1038 464 1114 suec'lggsmvus
482 1037 644 1078 Adolphus
664 1038 739 1069 1611

197 1261 292 1293 Germ.
315 1261 452 1292 Mathias
477 1260 499 1293 I.
525 1261 729 1292 1612—1619.

200 1651 277 1683 1613
303 1651 322 1692 †
346 1651 400 1683 Dr.
427 1651 597 1684 Gulielmus
622 1651 739 1690 Estius,

218 1694 315 1727 lector
341 1695 554 1728 celeberrimus
581 1696 611 1728 S.
639 1696 740 1738 Scrip-

219 1744 297 1772 turae
317 1744 349 1772 et
368 1740 530 1782 theologiae
549 1741 741 1773 scholasticae

219 1794 274 1826 per
293 1785 332 1816 31
355 1795 452 1817 annos
473 1786 506 1817 in
528 1785 740 1817 Universitate

219 1829 376 1862 Duacena.

200 2052 277 2083 1614
290 2052 466 2090 „Confessio
477 2053 665 2092 Marchica“‚
679 2063 742 2094 qua

219 2096 269 2128 Jo.
285 2096 500 2138 Sigismundus
515 2097 629 2130 elector
644 2098 741 2129 Bran-

219 2140 424 2183 denburgicus
446 2141 670 2174 Calvinismum
692 2152 742 2174 su-

219 2195 273 2217 um
294 2185 478 2218 confirmare
498 2187 614 2219 studet.

450 3118 507 3150 138

799 575 867 600 Sem.
880 573 973 600 addito
983 576 1009 600 C.
1019 574 1150 600 Graecensi

800 611 912 643 possunt
940 610 1090 643 promoveri
1115 610 1149 636 ad

797 644 902 671 ordines
923 647 1000 671 extra
1018 647 1148 679 tempora,

800 681 855 706 sine
877 681 1038 712 interstitiis,
1060 681 1148 713 titulo,

800 716 1026 748 dimissorialibus,
1041 717 1063 743 si
1075 717 1149 743 testi-

800 752 888 778 monio
900 753 1009 778 rectoris
1029 754 1056 779 et
1072 761 1148 787 supe-

800 787 875 814 rioris
903 787 968 814 dicti
993 790 1061 815 Sem.
1081 797 1151 815 coln-

800 823 968 850 mentientur.

777 1038 863 1070 1611.
882 1039 928 1070 16.
948 1038 1022 1070 Dec.
1041 1038 1148 1079 Splen-

796 1082 848 1114 dor
875 1086 1006 1123 paternae
1034 1083 1146 1124 9101110.-

793 1126 960 1161 indulgentia
968 1127 1087 1161 plenaria
1094 1135 1152 1161 per-

794 1164 878 1196 petua
931 1171 978 1197 pro
1033 1163 1148 1189 ecclesiis

793 1198 819 1224 S.
837 1198 862 1224 J.
880 1198 908 1223 in
924 1198 993 1225 festo
1011 1198 1086 1224 tituli
1102 1206 1148 1225 seu

790 1233 965 1260 fundationis.

776 1652 861 1684 1613.
883 1652 929 1684 23.
949 1652 1024 1693 Apr.
1044 1652 1146 1692 Impo-

791 1696 844 1728 siti
855 1696 952 1728 nobis:
966 1700 1053 1727 Breve
1067 1707 1145 1735 super

798 1740 947 1767 exemtione
968 1740 994 1767 S.
1014 1741 1040 1767 J.
1064 1749 1080 1767 a
1102 1741 1146 1766 de-

799 1776 881 1807 cimis,
901 1778 929 1803 et
951 1778 1035 1810 quota
1055 1784 1146 1803 earum

798 1811 942 1839 dumtaxat
963 1812 1092 1838 solvenda
1119 1813 1146 1838 in

796 1848 883 1882 regnis
894 1848 1002 1882 Portug.
1016 1850 1043 1874 et
1055 1848 1147 1883 Algar-

799 1883 911 1911 biorum.

778 2409 864 2441 1615.
889 2410 915 2441 2.
938 2409 1012 2450 Apr.
1036 2409 1078 2440 In
1098 2420 1148 2441 su-

796 2454 1002 2494 pereminenti:
1029 2458 1056 2484 c.
1078 2457 1103 2484 S.
1121 2457 1147 2484 J.

799 2496 1014 2523 Paderbornense
1033 2497 1149 2524 donatur

798 2532 940 2567 privilegiis
946 2535 974 2559 et
979 2533 1082 2567 juribus
1088 2533 1151 2560 Uni-

799 2568 944 2595 versitatis.

778 2675 864 2708 1615.
889 2676 936 2708 27.
961 2675 1034 2708 Jun.
1061 2675 1147 2707 Rom.

795 2719 883 2751 Sedis
894 2720 1039 2752 Antistes:
1062 2723 1149 2750 Socie-

799 2763 852 2789 tati
884 2763 912 2789 in
942 2763 1011 2790 Sinis
1042 2763 1149 2798 degenti

800 2798 975 2826 confirmatur
982 2799 1097 2825 facultas
1107 2807 1147 2825 ce-

798 2834 920 2861 lebrandi
940 2835 1049 2861 missam
1075 2836 1148 2862 tecto

800 2870 897 2905 capite,
929 2870 1088 2897 traducendi
1103 2870 1148 2897 Bi-

799 2905 881 2932 bliam
893 2905 988 2941 inling.
997 2906 1114 2933 Sinicam
1120 2908 1148 2933 et

798 2943 967 2968 sacramenta
979 2941 1149 2968 ministrandi

799 2977 891 3003 eodem
903 2976 1039 3004 idiomate.

932 3121 989 3152 139

1368 345 1532 374 Generales

1906 323 2006 360 Italia,
2026 323 2125 352 Gallia

1184 495 1270 526 1611.
1292 495 1338 526 29.
1360 494 1431 526 Jan.
1454 494 1592 534 Epistola
1620 498 1651 525 de
1675 499 1713 524 in-
1750 495 1825 526 1611
1857 494 1964 527 Floret
1990 495 2133 527 Mariana
2161 496 2292 537 Congre-

1205 538 1347 564 stitutione
1366 538 1597 565 Scholasticorum.

1184 718 1269 749 1611.
1287 718 1333 749 24.
1350 717 1423 758 Maj.
1443 717 1554 758 Epist:
1572 721 1611 747 De
1627 720 1714 747 solidi-

1207 762 1264 787 tate
1280 763 1308 787 et
1324 761 1508 788 uniformitate
1524 761 1658 787 doctrinae.

1184 887 1269 918 1612.
1294 887 1340 918 24.
1362 886 1441 919 Nov.
1467 887 1579 927 Epist:
1599 890 1640 917 De
1654 890 1713 916 offi-

1206 930 1240 956 cii
1258 930 1341 956 divini
1367 931 1524 957 recitatione
1552 938 1582 956 ac
1600 930 1714 957 celebra-

1205 966 1278 992 tione
1299 966 1393 993 Missae.

1183 1270 1269 1302 1613.
1294 1270 1341 1302 28.
1366 1270 1441 1311 Maj.
1468 1270 1580 1310 Epist.:
1608 1272 1712 1300 Momm

1204 1313 1350 1375 forniiandis
1362 1313 1592 1340 concionatoribus
1610 1322 1712 1340 accom-

1205 1357 1248 1375 mo
1270 1358 1292 1375 a.

1183 1653 1268 1684 1613.
1302 1654 1348 1685 14.
1370 1653 1443 1685 Dec.
1474 1653 1587 1693 Epist:
1611 1656 1652 1683 De
1672 1665 1713 1683 ra-

1203 1696 1276 1722 tione
1304 1696 1454 1723 studiorum
1482 1699 1510 1723 et
1537 1697 1659 1723 doctrina
1687 1697 1712 1723 S.

1204 1732 1311 1758 Thomae
1323 1732 1466 1767 sequenda.
1480 1748 1513 1751 —
1525 1732 1669 1759 Decretum
1682 1733 1714 1759 de

1203 1768 1387 1795 uniformitate
1415 1768 1541 1795 doctrinae
1569 1768 1714 1803 praesertim

1204 1803 1237 1830 de
1252 1804 1343 1838 gratiae
1359 1804 1528 1831 efficacitate.

1183 2054 1261 2085 1614
1275 2053 1443 2086 Brachium
1458 2054 1603 2085 dextrum
1618 2055 1714 2084 Fran-

1203 2100 1274 2129 cisci
1285 2100 1408 2130 Xaverii
1418 2098 1486 2130 Goa
1497 2098 1631 2130 Romam
1641 2098 1713 2130 mit-

1202 2143 1282 2174 titur
1304 2143 1455 2175 mandato
1479 2143 1660 2184 Aquavivae.

1183 2410 1270 2442 1615.
1311 2411 1357 2442 21.
1399 2409 1470 2442 Jan.
1513 2410 1532 2452 †
1571 2411 1713 2440 Claudius

1202 2456 1374 2492 Aquaviva.

1184 2543 1284 2575 Juxta
1320 2543 1496 2584 catalogum
1533 2544 1610 2575 1616
1647 2543 1710 2584 (ap.

1203 2587 1391 2619 Juvencium
1408 2597 1439 2628 p.
1459 2587 1640 2629 351—355.)
1658 2587 1712 2619 So-

1203 2632 1299 2664 cietas
1313 2632 1499 2664 numerabat
1512 2633 1560 2670 Pr.
1575 2632 1623 2671 32,
1639 2633 1711 2669 Dpr.

1203 2677 1251 2716 23,
1273 2678 1304 2709 Ο.
1325 2677 1393 2715 372,
1414 2677 1493 2714 pr.
1513 2677 1562 2715 41,
1583 2678 1621 2708 R.
1643 2676 1710 2714 123,

1202 2721 1307 2753 Socios
1325 2721 1432 2753 13112.

1183 2809 1220 2841 In
1230 2809 1249 2841 5
1258 2809 1365 2851 primis
1375 2810 1440 2851 J'am
1450 2809 1498 2841 sui
1507 2808 1711 2841 Generalatus

1201 2854 1291 2886 annis
1299 2857 1424 2886 coactus
1436 2854 1539 2886 fuerat
1543 2853 1712 2895 Aquaviva

1201 2908 1341 2931 recusare
1351 2899 1390 2930 60
1400 2899 1431 2931 C.
1443 2908 1512 2940 quae
1521 2898 1719 2939 petebantur.

1417 3120 1475 3151 140

1768 539 1853 581 gatio
1878 540 1912 571 111
1938 541 1969 571 G.
1996 539 2211 581 Burdigalensi
2235 541 2291 572 mi-

1768 584 1933 615 sericordia
1949 588 1980 616 et
1997 584 2199 625 eleemosynis
2216 594 2292 626 prae-

1768 628 1856 669 cipue
1876 628 1909 659 111
1931 638 2040 670 egenos
2062 632 2094 660 et
2115 629 2238 661 vinctos
2260 634 2292 661 et

1767 672 1886 704 fervore
1896 673 2098 713 procurandae
2107 673 2217 705 salutis
2227 674 2292 705 ani-

1768 727 1899 749 marum.

1748 850 1825 881 1611
1847 850 1978 891 Neapoli
1997 854 2100 882 erecta
2119 851 2292 893 Congrega-

1768 895 1812 926 tio
1819 894 2004 927 Clericorum
2016 895 2209 927 saecularium
2216 899 2292 928 tunc

1768 939 1887 971 sodales
1923 940 1971 978 30,
2009 940 2086 971 1705
2122 950 2195 972 vero
2231 941 2289 972 462

1767 983 1964 1015 numerabat.

1748 1118 1824 1149 1611
1851 1117 1959 1149 Asculi
1984 1119 2003 1149 4
2030 1118 2290 1160 Congregationes

1766 1162 1914 1194 Marianae
1924 1166 1997 1194 sunt
2006 1166 2124 1194 erectae:
2132 1163 2291 1195 Nobilium

1767 1206 1862 1248 (inter
1883 1216 1959 1248 quos
1978 1206 2190 1249 gubernator),
2211 1217 2290 1239 mer-

1767 1254 1908 1283 catorum
1926 1255 1958 1283 et
1975 1251 2143 1291 artificum,
2162 1262 2290 1284 numero

1767 1296 1834 1335 200,
1863 1295 2050 1328 scholarium
2076 1297 2232 1338 maJ'orum
2260 1307 2290 1329 n.

1769 1341 1815 1379 70,
1838 1341 1993 1372 minorum
2014 1350 2044 1373 n.
2067 1341 2114 1373 50.

1748 1474 1824 1505 1612
1839 1476 1916 1512 pr.
1932 1473 2121 1506 Parisiensis
2134 1474 2168 1506 in
2182 1474 2291 1507 subur-

1767 1518 1818 1550 bio
1840 1518 1869 1551 S.
1886 1518 2041 1551 Germani.

1748 1653 1824 1684 1612
1845 1652 1979 1684 Devotio
2000 1652 2058 1683 XL
2077 1653 2224 1684 horarum
2244 1653 2291 1684 in-

1767 1697 1893 1729 ducitur
1941 1697 1974 1728 in
2025 1697 2177 1738 templum
2216 1699 2289 1735 Dpr.

1769 1741 1995 1773 Panormitanae
2022 1741 2131 1773 diebus
2159 1741 2291 1774 baccha-

1768 1785 1899 1818 nalibus.

1749 1920 1825 1951 1612
1857 1919 2100 1952 Excursionibus
2135 1919 2290 1951 Tmontm—

1767 1965 1848 1996 sz'um
1868 1964 2077 2006 operariorum
2098 1964 2138 1996 ad
2158 1964 2290 1996 alteram

1768 2009 1914 2040 Rhodani
1946 2009 2047 2050 ripam
2079 2007 2187 2040 multae
2219 2018 2291 2040 con-

1768 2054 1922 2085 versiones
1959 2053 2211 2085 Calvinianorum
2249 2053 2291 2085 ef-

1768 2098 1858 2130 fectae
1878 2101 1960 2130 sunt.

1748 2320 1812 2352 Sub
1844 2320 1918 2352 anni
1949 2320 2027 2352 1614
2057 2320 2154 2351 finem
2187 2319 2290 2352 Romae

1767 2366 1965 2402 congregatio
1983 2365 2213 2396 communionis
2237 2373 2290 2402 ge-

1767 2411 1878 2440 neralis
1917 2408 1974 2441 sub
2013 2408 2212 2441 invocatione
2252 2408 2288 2441 B.

1766 2454 1873 2485 Mariae
1888 2453 2019 2485 Pietatis
2037 2457 2148 2492 erecta,
2167 2457 2199 2485 et
2215 2462 2290 2494 apo-

1767 2498 1877 2530 stolica
1896 2497 2083 2529 auctoritate
2103 2497 2290 2529 confirmata

1767 2547 1799 2574 et
1824 2542 1978 2574 thesauris
2004 2541 2218 2583 spiritualibus
2245 2541 2289 2573 di-

1766 2590 1836 2619 tata
1861 2590 1917 2625 est,
1939 2586 2027 2628 cujus
2049 2585 2198 2627 praeclara
2221 2596 2289 2617 mu-

1766 2642 1840 2663 nera
1859 2632 1892 2663 in
1910 2631 2024 2663 litteris
2046 2631 2156 2662 annuis
2177 2630 2289 2662 descri-

1766 2676 1892 2708 buntur.

1746 2808 1823 2841 1615
1845 2807 2022 2841 Cardinales
2043 2807 2095 2839 Du
2116 2807 2232 2839 Perron
2255 2812 2287 2840 et

1765 2852 1924 2885 Richelieu
1949 2852 1983 2884 in
2010 2851 2143 2884 comitiis
2169 2851 2287 2893 gallicis

1764 2897 1952 2929 Societatem
1973 2899 2110 2928 tuentur.

1977 3118 2035 3150 141
