2372 3550
279 316 415 347 Historia
436 316 693 353 contemporanea

815 292 934 322 Summi
954 279 1176 388 Pontifieess

802 337 929 384 Litterae
950 335 1139 372 Apostolieae

1211 289 1374 326 Praepositi
1396 289 1426 319 et
1447 289 1704 325 congregationes

1375 334 1538 364 Generales

1915 310 2016 346 Italia,
2036 310 2136 340 Gallia

209 533 296 565 1769.
309 533 357 565 27.
369 533 455 574 Sept.
467 532 487 574 †
498 532 548 564 Jo.
560 532 652 564 Dom.
665 531 752 563 Man-

228 577 263 616 si,
288 576 421 619 archiep.
446 576 620 614 Lueeensis‚
644 575 752 607 multis

228 621 328 653 doctis
358 620 502 663 operibus
532 620 751 662 (Conciliorum

228 665 364 707 ampliss.
389 665 538 698 collectio.
554 666 592 697 31
607 664 683 706 vol.)
705 675 752 697 ce-

226 710 321 743 leber.

208 1289 286 1321 1770
306 1289 375 1321 Pax
398 1289 540 1331 quaedam
560 1289 643 1322 inter
663 1289 751 1322 Lusi-

228 1333 347 1366 taniam
371 1337 404 1366 et
426 1334 555 1375 Papam.

786 441 926 474 Clemens
945 440 1045 479 XIV„
1066 441 1161 472 simu-

805 485 900 518 lando
934 496 966 517 se
999 485 1161 517 inimicum

805 531 835 563 S.
857 530 888 562 J.
910 533 942 562 et
961 529 1064 561 multa
1083 530 1162 562 dura

806 578 916 607 contra
953 584 1021 606 eam
1057 574 1160 606 decer-

806 619 918 658 nendo,
925 618 1160 660 importunitati

805 663 989 696 Burbonieae
999 663 1101 706 gentis
1113 674 1161 696 sa-

805 708 1005 740 tisfacturum
1021 718 1053 740 se
1068 711 1161 749 puta-

805 753 876 791 bat;
898 756 933 785 at
952 756 1062 785 contra
1082 753 1160 785 aeci-

805 797 862 830 dit.
897 797 1080 829 Advocatus
1094 797 1160 829 Μο-

804 842 879 874 fiino
907 842 1031 883 (postea
1057 851 1159 874 comes

806 887 845 919 de
872 886 1000 919 Florida
1028 886 1161 929 Blanca)

806 931 860 973 qui
895 931 1004 963 Romae
1038 930 1160 973 legatus

805 975 966 1018 Hispaniae
1009 975 1160 1008 decessori

804 1020 922 1053 mitiori
937 1019 1085 1061 (Praelato
1101 1020 1160 1053 Az-

803 1065 899 1107 puru)
914 1065 992 1097 1772
1008 1065 1160 1098 suffectus

804 1113 881 1149 erat,
896 1108 1084 1142 Pontificem
1103 1109 1160 1142 im-

804 1154 947 1196 portunis
973 1154 1159 1196 postulatio·
1215 1179 1222 1189 .

804 1199 896 1249 nibus
908 1198 1088 1250 fatigatum,
1096 1198 1159 1249 imo

803 1253 993 1286 gravissnnls
1033 1253 1159 1285 impos1-

1759 437 1917 469 Tilliottus
1946 440 2062 476 autem,
2099 437 2174 469 dum
2203 437 2303 470 Breve

1778 485 1816 513 ut
1846 481 2008 514 aboleatur
2038 481 2173 524 flagitat,
2212 481 2304 514 simul

1779 526 1916 558 Jesuitas
1948 536 2054 558 omnes
2084 536 2213 558 numero
2245 526 2303 558 150

1780 570 1888 603 diebus
1915 572 1942 603 7.
1969 574 2002 603 et
2026 571 2054 603 8.
2080 570 2155 602 Feb.
2183 571 2260 602 1768
2286 581 2302 603 e

1780 615 1896 647 ducatu
1925 615 2085 647 Parmensi
2114 614 2242 656 expellit
2270 615 2303 647 in

1779 662 1899 692 statum
1921 659 2134 692 Pontificium.

805 1289 846 1321 tis
869 1288 1100 1321 conditionibus
1123 1299 1159 1321 ae
1193 1287 1279 1318 1773.
1301 1286 1348 1317 16.
1369 1285 1448 1327 Aug.
1470 1295 1597 1326 vespere
1616 1285 1649 1316 in
1668 1284 1727 1316 Ec·
1761 1283 1847 1316 1773.
1870 1284 1917 1316 18.
1937 1283 2016 1325 Aug.
2035 1283 2214 1315 Ludovious
2232 1283 2303 1315 XV.

1212 1330 1304 1363 clesia
1316 1330 1346 1362 S.
1362 1330 1391 1362 J.
1407 1330 1472 1371 (SS.
1488 1330 1630 1362 Nominis
1650 1345 1679 1355 =
1697 1329 1728 1361 al
1779 1327 1951 1370 Exjesuitis
1969 1338 2122 1360 annorum
2136 1328 2174 1360 60
2191 1331 2223 1360 et
2240 1338 2304 1360 am-

803 1333 896 1365 minis
919 1332 1053 1374 denique
1076 1343 1158 1365 eom-

803 1377 886 1420 pulit
905 1377 946 1410 ad
965 1377 1159 1419 supprimen-

1211 1375 1308 1416 Geso)
1337 1375 1482 1407 Romana
1510 1374 1728 1416 promulgatur

804 1422 1158 1455 damSocietatemJesu.
1212 1420 1312 1452 Breve
1337 1419 1570 1461 suppressionis.
1597 1418 1727 1451 Jesuitae

784 1601 853 1633 Hae
876 1600 928 1633 via
951 1600 1079 1633 tandem
1103 1600 1157 1633 ob-

803 1649 927 1678 tentum
961 1648 1009 1677 est
1041 1645 1155 1678 Breve:

785 1735 871 1768 1773.
912 1735 960 1767 21.
990 1734 1054 1767 Jul.
1094 1736 1157 1767 Do-

803 1781 906 1811 minus
941 1788 978 1811 ac
1003 1780 1155 1818 Redemp-

803 1827 864 1858 tor:
882 1823 1078 1866 publicatum
1097 1824 1159 1856 Ro-

804 1879 863 1902 mae
879 1869 927 1902 16.
939 1868 1019 1911 Aug.
1039 1868 1071 1901 in
1092 1878 1157 1901 om-

805 1914 897 1946 nibus
916 1915 956 1947 D.
979 1913 1010 1946 S.
1032 1913 1062 1946 J.

1211 1463 1356 1497 domibus
1383 1464 1465 1496 exire
1492 1467 1650 1496 vetantur.

209 2092 286 2124 1772
312 2091 419 2124 Prima
443 2092 581 2125 Poloniae
606 2092 750 2135 partitio:
785 2092 934 2124 1773.13.
947 2091 1026 2133 Aug.
1037 2090 1159 2123 Gravis·
1192 2088 1350 2122 Generalis
1365 2090 1457 2121 Laur.
1474 2089 1559 2119 Rieoi
1574 2086 1725 2119 mandato

228 2136 405 2169 Lithuaniae
434 2147 505 2178 pars
537 2138 695 2170 orientalis
719 2153 749 2163 Ξ
804 2136 892 2169 simis
905 2146 942 2168 ex
954 2136 1067 2168 causis:
1081 2136 1159 2168 Con-

227 2180 310 2213 Alba
344 2181 466 2220 Russia,
502 2191 596 2224 regno
632 2182 752 2215 Russiae
804 2180 942 2224 gregatio
952 2180 1162 2213 Cardinalium

229 2225 420 2268 adjungitur.

457 3112 516 3146 354

805 2229 838 2258 et
857 2224 1069 2258 consultorum
1090 2235 1159 2257 exe-

806 2270 929 2312 quendo
961 2269 1055 2301 Brevi
1087 2279 1159 2311 sup—

804 2313 969 2356 pressionis
1006 2313 1160 2356 praeponi-

805 2363 866 2392 tur.
909 2358 986 2391 Haee
1007 2358 1055 2391 18.
1078 2358 1157 2400 Aug.

804 2403 926 2436 litteras
941 2402 1030 2435 dedit
1043 2402 1084 2435 ad
1097 2402 1159 2435 sin-

804 2448 891 2490 gulos
913 2448 1082 2489 episcopos,
1107 2447 1160 2489 qui

805 2492 934 2525 Jesuitis
971 2492 1160 2533 suppressio-

804 2547 876 2570 nem
888 2539 997 2570 notam
1009 2536 1158 2569 facerent.

1211 2132 1464 2176 Congregationis
1514 2131 1726 2165 Cardinah'um

1212 2180 1259 2211 17.
1289 2178 1368 2219 Aug.
1397 2177 1430 2209 in
1459 2178 1490 2210 C.
1518 2176 1726 2219 Anglicanum

1212 2223 1356 2265 captivus
1391 2222 1514 2260 duetus,
1549 2224 1660 2263 postea
1692 2220 1726 2252 in

1212 2267 1339 2300 castello
1362 2266 1393 2299 S.
1418 2266 1528 2308 Angeli
1552 2264 1727 2298 arctissima

1212 2311 1355 2345 custodia
1395 2310 1590 2349 servabatur,
1633 2319 1725 2351 quem

1210 2366 1285 2389 mox
1297 2355 1395 2389 secuti
1407 2358 1483 2387 sunt
1492 2354 1682 2387 Assistentes
1694 2357 1726 2386 et

1212 2401 1265 2434 alii
1286 2410 1398 2443 graves
1421 2400 1456 2432 P.
1472 2399 1519 2438 P.,
1539 2409 1596 2432 nec
1619 2402 1725 2431 tamen

1212 2445 1303 2478 ullius
1328 2444 1464 2477 oriminis
1489 2444 1532 2476 rei
1556 2443 1643 2482 facti,
1670 2446 1726 2475 aut

1211 2489 1362 2532 inquisiti,
1384 2492 1441 2521 aut
1460 2488 1592 2530 judicati
1612 2490 1694 2521 sunt.

1425 3108 1485 3141 356

1779 1372 1861 1414 plius
1890 1373 2030 1414 assignat
2058 1372 2220 1414 pensiones
2250 1382 2305 1404 an-

1780 1427 1868 1449 nuas.

1893 1755 1936 1781 Pr.
1953 1755 2077 1781 Romana
2095 1754 2171 1781 1773.

1812 1808 1876 1839 Dpr.
1890 1806 2025 1839 Romana;
2040 1808 2109 1839 pr.
2122 1806 2248 1834 Romana
2260 1808 2289 1834 et

1780 1842 1947 1874 Florentina:

1813 1887 1841 1913 c.
1857 1886 1903 1913 35:
1932 1886 2094 1918 Romanum,
2112 1886 2287 1913 Paenitentia-

1780 1921 1825 1949 riae
1850 1922 1876 1950 S.
1903 1922 1986 1954 Petri,
2011 1922 2208 1954 Germanicum,
2233 1922 2288 1949 An.-

1780 1957 1893 1992 glorum,
1909 1958 2069 1990 Graecorum,
2083 1958 2287 1990 Maronitarum,

1781 1994 1931 2025 Scotorum,
1966 1994 2176 2026 Anconitanum,
2223 1994 2287 2020 Are-

1781 2029 1877 2062 tinum,
1907 2029 2079 2062 Asculanum,
2110 2029 2286 2064 Biturgimse,

1781 2065 1969 2097 Fabrianense,
1981 2065 2110 2097 Fanense,
2122 2064 2287 2097 Firmanum,

1782 2100 1974 2133 Florentinum,
1997 2101 2206 2132 Interamnense,
2228 2100 2287 2127 Ρω-

1780 2136 1940 2164 nitentiariae
1962 2136 2128 2168 Lauretanae,
2150 2136 2287 2170 Hlyrioum

1781 2173 1899 2205 Lauret.,
1912 2172 2084 2204 Libui-nense,
2096 2172 2286 2204 Maoeratense,

1780 2207 1880 2235 Montis
1904 2207 2038 2240 Politiam',
2062 2208 2161 2235 Montis
2185 2208 2286 2240 Sancti,

1781 2244 1947 2276 Perusinum,
1964 2244 2132 2275 Pistoriense,
2150 2244 2285 2276 Pratonse,

1782 2280 1957 2315 Ragnsinum,
1969 2279 2151 2312 Recinetense,
2162 2279 2285 2311 Senense,

1781 2316 1896 2343 Senense
1934 2315 2119 2347 Ptolemaeum,
2154 2314 2285 2347 Setinum,

1781 2351 1956 2386 Spoletinum,
1973 2351 2152 2382 Tiburtinum,
2168 2350 2286 2385 Typher-

1780 2389 1901 2420 natense,
1932 2386 2106 2419 Viteffiiense,
2138 2386 2285 2414 Urbeveta-

1780 2431 1858 2455 num;

1814 2469 1847 2495 R.
1861 2466 2027 2499 Flastrensis,
2041 2465 2250 2502 Senogalliensis.

1914 2520 1946 2548 In
1963 2536 1997 2539 —
2014 2521 2091 2547 extra
2108 2520 2151 2546 Pr.

1830 2563 1888 2590 Sao.
1930 2562 1980 2589 419
2116 2562 2149 2588 12

1829 2598 1916 2626 Sohol.
1947 2598 1982 2625 90
2032 2597 2083 2624 738
2132 2597 2148 2623 2
2200 2597 2233 2623 17

1830 2634 1910 2662 Goad.
1930 2634 1980 2661 229
1998 2562 2015 2668 ἒ
2132 2632 2149 2659 3
2166 2561 2183 2666 ἓ

1936 2685 2062 2715 Universi
2078 2686 2128 2713 755

1989 3103 2048 3136 357
