2372 3550
124 282 283 319 Hispania,
304 282 462 312 Lusitania

608 282 782 319 Germania,
804 283 943 320 Belgium
1006 251 1021 358 Ι
1127 284 1249 321 Angue,
1270 285 1398 315 Polonia
1484 252 1547 361 L
1675 286 1835 318 missiones
1855 288 1973 318 exterae

57 410 133 442 1553
155 408 304 451 ignatius,
320 412 356 440 ut
372 407 516 450 agitatio-

75 464 128 486 nes
153 453 186 485 in
213 452 375 485 Lusitania
399 452 514 490 finiret,

74 498 230 530 Simonem
250 497 424 539 Rodriguez
442 507 516 529 avo-

75 547 134 575 cat.

53 676 106 708 Fit
127 674 334 717 promulgatio
358 674 515 707 Constitu-

73 720 194 753 tionum
208 719 241 751 in
256 719 427 758 Lusitania,
443 718 515 751 dein

71 764 104 796 in
120 767 190 796 tota
204 763 358 805 Hispania
371 773 427 805 per
442 763 515 795 Hie-

72 818 238 850 ronymum
257 808 412 846 Natalem,
432 818 514 840 com-

71 852 255 885 missarium.

52 987 130 1019 1553
157 988 231 1025 Dpr.
251 986 510 1028 Ulyssiponensis.

52 1164 130 1197 1554
142 1164 302 1205 Hispania
316 1164 467 1196 dividitur
480 1164 513 1196 in

69 1210 88 1241 3
98 1208 292 1241 Provincias:
303 1208 513 1247 Castellanam,

71 1253 281 1295 Araqomkam
295 1252 439 1285 Baetioam
448 1253 523 1294 (An-

70 1297 219 1339 dalusiae).

51 1431 179 1474 Borgias
214 1434 337 1464 creatur
371 1431 512 1464 commis-

70 1476 168 1509 sarius
190 1475 350 1518 Hispaniae
372 1478 404 1508 et
426 1476 512 1509 Lusi-

71 1520 172 1553 taniae.

50 1743 127 1775 1555
144 1742 381 1785 Gaesarauqustae
396 1743 513 1786 gravis-

70 1787 149 1820 sima
186 1787 353 1820 commotio
404 1792 513 1820 contra

69 1831 257 1864 Societatem
275 1831 308 1864 in
328 1832 512 1865 fundatione

69 1875 202 1919 Collegii.

50 2009 127 2042 1555
153 2009 283 2042 Initium
307 2010 510 2053 Collegiorum

68 2053 263 2095 Hispalensis
269 2054 509 2088 otoranatemis.

50 2232 127 2264 1556
140 2231 250 2265 Melch.
266 2232 367 2265 Canus
381 2233 511 2266 Valliso-

69 2275 125 2308 leti
145 2276 281 2318 explicat
306 2277 365 2319 Ep.
387 2279 450 2310 2m
470 2279 511 2310 ad

69 2320 147 2353 Tim.
177 2325 286 2354 contra
316 2322 513 2356 Societatem.

50 2453 171 2487 Natalis
184 2464 239 2496 per
252 2454 436 2497 Hispaniam
451 2456 510 2489 col-

67 2498 137 2541 ligit
162 2498 371 2541 eleemosynas
397 2510 452 2542 pro
479 2502 509 2533 C.

70 2543 221 2577 Romano.
242 2544 367 2576 Mortuo
388 2545 510 2587 Ignatio

67 2587 149 2620 redit
170 2588 313 2621 Romam.

48 2765 126 2798 1557
140 2776 159 2798 a
170 2766 305 2799 Domino
317 2767 412 2800 Petro
429 2768 511 2806 Qua-

68 2810 159 2842 drato
191 2811 320 2853 ejusque
352 2821 448 2844 uxore
479 2814 510 2844 c.

67 2854 277 2896 Metymnense
298 2856 459 2889 fundatur.

262 3077 302 3110 30

570 630 603 663 in
623 630 723 663 lucem
744 631 858 673 prodit.

552 853 628 885 1555
639 853 778 886 Canisius
788 853 917 886 inchoat
926 853 1000 886 Coll.

572 898 722 939 Praqense
736 898 820 940 quod
832 898 1002 931 innumeris

569 942 811 1019 {ffifiomtatibus
838 943 891 976 diu
916 942 1002 976 labo-

550 1210 626 1241 1555
636 1209 666 1242 S.
674 1209 703 1242 J.
714 1209 813 1242 intrat
824 1210 1001 1249 Tornacum,

570 1264 638 1295 quae
657 1254 755 1296 Belgii
772 1254 883 1287 civitas
901 1255 1003 1297 prima

569 1298 718 1338 omnium,
731 1299 802 1341 jura
813 1299 1001 1341 corporatio-

569 1343 617 1375 nis
637 1343 664 1376 ei
683 1343 826 1376 concedit
844 1344 931 1377 1558.

549 1566 745 1599 1555—1556
794 1566 1001 1600 Ribadeneira

571 1610 724 1643 Bruxelzis
747 1611 814 1653 agit
836 1621 906 1644 cum
929 1612 1001 1645 Phi-

568 1654 654 1697 lippo
678 1655 730 1693 11..
753 1660 790 1688 ut
809 1656 947 1689 Societas
968 1657 1001 1689 in

570 1699 675 1742 Belgio
697 1704 849 1742 tanquam
870 1711 1002 1743 persona

568 1744 701 1786 juridica
736 1749 931 1787 agnoscatur,
969 1746 1000 1778 id

570 1789 653 1831 quod
696 1799 750 1822 rex
792 1800 811 1821 a
847 1800 997 1823 consensu

568 1834 809 1885 magistratuum
827 1835 999 1877 dependere

570 1883 671 1920 Jusslt.

548 2235 626 2267 1556
645 2236 676 2268 C.
695 2234 715 2267 I
716 2235 939 2276 nqolstadiense.

548 2323 688 2365 Ignatius
710 2323 799 2366 erigit
819 2324 998 2357 Provincias

566 2368 740 2400 Germaniae
767 2368 940 2409 Superioris
970 2371 996 2402 7.

566 2412 629 2445 Jul.
671 2413 749 2445 1556
799 2413 999 2454 (Provinciali

567 2456 712 2499 Canisio),
724 2461 756 2490 et
764 2457 924 2499 Inferiomis·
934 2459 1000 2499 (no-

567 2501 686 2534 minato
707 2502 761 2534 scd
780 2512 854 2534 mox
874 2508 998 2536 mortuo

566 2546 753 2579 Provinciali
804 2547 894 2580 Bern.
936 2548 999 2581 Oli-

567 2590 665 2633 verio)
689 2591 778 2634 cujus
796 2592 845 2624 lus
869 2592 999 2624 Provin-

567 2634 651 2668 cialis
672 2635 712 2668 fit

548 2946 626 2979 1558
641 2945 819 2979 Everardus
834 2948 998 2980 Mercuria-

566 3001 634 3023 nus.

754 3080 791 3112 31

1037 410 1192 442 1553-58
1202 411 1490 444 SubMariaCatho·
1522 412 1601 445 1553
1635 415 1700 447 10⁵.
1735 416 1886 447 Anchieta
1919 414 2043 457 appulit
2063 415 2139 448 Bra-

1055 454 1115 486 lica
1140 455 1291 488 Catholici
1315 456 1348 488 in
1373 456 1488 497 Anqlia
1539 456 1651 496 silium,
1669 457 1757 498 cujus
1773 460 1937 497 Apostolus
1953 463 2001 491 est
2016 459 2139 492 futurus

1055 498 1222 540 respirant3
1246 499 1369 532 haeresis
1394 500 1487 532 extir-
1539 501 1731 543 (1567—97).

553 541 630 573 1555
643 542 758 574 Canisii
770 543 920 580 „Summa
932 543 1003 575 doc·
1055 547 1157 585 patur,
1185 544 1338 585 primatus
1364 544 1487 577 Sanctae

572 586 662 618 trinae
671 586 1003 620 christianae“Viennae
1055 587 1126 620 Sedi
1146 588 1331 621 restituitur.

1519 590 1639 622 Eodem
1665 600 1747 623 anno
1777 591 1913 623 Brasilia
1938 592 2141 625 constituitur

1538 634 1704 684 Provincia
1714 635 1772 668 sub
1782 635 1986 669 Emmanuele
1997 636 2141 679 Nobrega

1536 684 1712 721 praeposito.

1519 1168 1605 1200 1554.
1623 1168 1669 1201 18.
1687 1168 1760 1201 Feb.
1777 1168 1912 1201 Solvunt
1926 1170 1964 1201 42
1979 1170 2054 1202 socii
2068 1179 2139 1202 oum

1538 1216 1572 1246 Ρ.
1611 1214 1782 1251 vaugnano
1820 1213 1999 1252 Visstatore,
2039 1214 2139 1247 Goam

1538 1267 1653 1296 versus,
1673 1261 1710 1290 ut
1726 1257 1759 1290 in
1777 1257 1878 1291 locum
1897 1262 1984 1300 peste
2001 1262 2139 1291 mortuo-

1537 1312 1606 1334 rum
1628 1302 1805 1335 succedant.

1034 1745 1111 1778 1555
1148 1745 1318 1783 Salmeron,
1368 1746 1486 1788 primus
1519 1747 1596 1779 1555
1614 1747 1799 1780 Missionarii
1817 1747 1976 1790 pelluntur
1994 1758 2010 1780 e
2028 1747 2137 1789 Congo.

1053 1790 1245 1822 Jesuitarum
1255 1791 1287 1823 in
1299 1790 1438 1829 Palania,
1450 1795 1486 1823 ut

1052 1845 1153 1867 comes
1175 1835 1349 1876 Lipomani,
1374 1835 1484 1868 Nuntii

1051 1879 1231 1921 Apostolici.

1538 1811 1576 1814 —
1601 1793 1650 1824 Σο.
1671 1794 1779 1824 Nunez
1810 1803 1881 1825 cum
1909 1792 2030 1834 aliquot
2049 1793 2139 1825 sociis

1536 1836 1568 1868 in
1594 1836 1794 1878 Abyssiniam
1830 1837 2005 1869 destinatus
2030 1837 2062 1869 in
2090 1837 2139 1869 In-

1537 1880 1621 1913 diam
1651 1881 1753 1920 solvit,
1783 1881 1837 1914 sed
1865 1882 1991 1914 Andrea
2019 1881 2139 1914 Oviedo

1537 1925 1603 1967 ejus
1643 1925 1726 1958 socio
1765 1926 1806 1958 ab
1845 1926 1906 1958 isto
1949 1926 2139 1968 Imperatore

1536 1969 1645 2013 irigide
1682 1975 1825 2003 recusato
1862 1971 1937 2004 Gom
1973 1970 2139 2003 subsistere

1537 2014 1665 2057 cogitur.

1520 2236 1597 2270 1555
1609 2238 1757 2269 melchior
1768 2238 1886 2275 auson,
1902 2236 1949 2270 bis
1966 2237 2138 2270 Cantonem

1535 2282 1702 2323 profectus,
1724 2281 1843 2324 primus
1863 2281 1987 2315 Jesuita
2007 2281 2138 2314 Chinam

1536 2326 1651 2369 attigit.
