2372 3550
201 507 204 510 ’
255 507 391 537 Historia
411 506 668 542 eontemporanea
728 471 745 579 j

1419 226 1489 285 B.
1527 226 1966 285 Incrementa
2002 226 2275 286 interna

1454 340 1501 380 2.
1532 337 1811 380 Generales
1840 338 2042 388 Lainez,
2072 338 2275 391 Bor-gia,

787 464 908 511 'summ-i
928 463 1104 515 PontiIiees.
1162 462 1405 515 Praepositiflet
1425 462 1679 515 congregationes
1719 463 1724 464 ⁷

777 526 903 555 Litterae
924 524 1113 561 Apostolieae

1353 523 1515 552 Generales

1893 501 1993 537 Italia,
2013 501 2111 531 Gallia

183 635 256 667 Das.
277 633 479 667 Sebastianus
500 632 665 665 1557—78.

757 853 904 885 Pontifex
918 852 1047 893 (Paulus
1064 852 1132 893 IV.)

777 897 879 929 voluit
893 897 1075 929 Generalem
1091 897 1131 929 ad

777 943 796 974 3
810 946 936 974 tantum
950 952 1048 974 annos
1062 942 1131 983 eligi

778 990 810 1019 et
830 987 958 1019 chorum
978 987 1011 1019 in
1030 987 1131 1019 Socie-

778 1035 845 1064 tate
858 1031 1023 1064 introduci.
1047 1032 1128 1069 Qua-

777 1087 809 1109 re
830 1076 1002 1109 oommunis
1021 1076 1131 1108 recita-

778 1122 822 1154 tio
839 1121 936 1154 officii
951 1125 1056 1163 coepta
1070 1121 1132 1153 fuit

778 1167 825 1198 29.
859 1166 943 1207 Sept.
977 1166 1064 1204 1558,
1098 1169 1132 1197 at

778 1215 901 1243 mortuo
914 1210 1042 1252 18.Aug.
1055 1211 1132 1242 1559

778 1256 875 1287 Paulo
895 1256 946 1287 IV.
965 1255 1060 1287 finem
1077 1255 1131 1287 ha-

779 1300 856 1332 buit.

183 1214 272 1255 Anql.
330 1212 493 1245 Elisabeth
530 1212 725 1244 1558—1603

202 1258 399 1300 persequitur
420 1257 603 1290 Catholioos.

185 2016 262 2049 1559
279 2016 433 2048 Centuriae
448 2015 727 2058 Magdeburgenses
760 2017 918 2047 1559-65
927 2016 999 2046 Pius
1009 2015 1071 2052 IV„
1081 2024 1136 2056 per

206 2060 255 2093 edi
274 2064 385 2102 coeptae
403 2065 486 2093 sunt.
779 2063 923 2091 sanetum
936 2069 1026 2091 suum
1038 2069 1132 2101 nepo-

780 2107 844 2136 tem
863 2104 1006 2136 Carolnm
1025 2103 1132 2135 Borro-

778 2159 888 2181 maeum
927 2148 1032 2181 fautor
1070 2148 1132 2190 pri-

778 2203 865 2225 mum
874 2193 1049 2230 Societatis,
1060 2196 1132 2234 post

778 2242 911 2270 mortem
961 2237 1131 2270 Cardinalis

779 2283 870 2324 Carpi
885 2293 917 2315 se
931 2282 997 2324 ipse
1011 2286 1131 2324 proteo-

779 2331 878 2359 torem
885 2327 951 2368 ejus
961 2327 1134 2359 constituit.

778 2372 822 2404 At
842 2382 912 2404 oum
932 2373 1044 2403 Bibera
1063 2382 1131 2404 sua-

779 2426 829 2448 sor
834 2426 898 2448 esse
905 2416 1059 2449 diceretur
1063 2416 1141 2458 rigo-

778 2471 855 2493 rosae
880 2461 980 2493 Caroli
1005 2461 1132 2493 vivendi

778 2506 917 2545 rationis,
928 2506 1018 2537 favor
1027 2505 1134 2537 Ponti-

778 2550 846 2583 fieis
868 2550 1062 2589 imminutus,
1087 2560 1132 2582 re-

778 2599 865 2627 moto
878 2595 1003 2627 demum
1015 2595 1048 2626 in
1060 2595 1132 2627 mis-

779 2640 879 2672 siones
911 2639 1035 2679 Ribera‚
1076 2639 1133 2671 ite-

779 2695 847 2716 rum
869 2684 1016 2716 revixisse
1037 2684 1132 2716 tradi-

779 2732 840 2761 tur.

181 2239 257 2272 Gall.
269 2239 453 2272 Francisous
465 2239 506 2271 II.
519 2239 724 2272 1559—1560.

187 2684 265 2716 1560
275 2683 295 2725 †
306 2683 566 2725 †Melanohthon‚
578 2684 737 2716 Gustavus

206 2728 298 2767 Vasa,
319 2728 428 2760 Meleh.
452 2728 563 2760 Canus.

927 3082 966 3114 35

1167 628 1347 668 Lainez,
1363 629 1496 659 Jacobus
1508 627 1614 668 (natus
1622 618 1699 659 1512
1737 628 1814 660 1558
1833 628 1927 660 Italia
1946 628 2098 660 dividitur
2115 628 2148 660 in
2167 629 2185 660 3
2204 628 2278 660 Pro-

1187 671 1366 704 Almazonae
1384 672 1417 704 in
1437 672 1579 711 Castella‚
1600 672 1700 704 socius

1190 716 1305 758 Ignatii
1324 727 1343 749 a
1361 717 1452 759 1534)
1471 720 1593 749 creatur
1611 717 1700 749 Vica-

1187 761 1251 793 rius
1283 762 1442 803 generalis.
1498 762 1700 803 Congregatio

1187 806 1337 848 generalis
1351 807 1383 838 in
1399 807 1608 838 Novembrem
1623 806 1700 838 1556

1187 851 1307 883 indicta
1333 852 1469 893 primum
1497 851 1642 883 differtur
1668 851 1701 882 in

1187 895 1326 937 Aprilem
1345 896 1432 935 1557,
1452 896 1564 928 deinde
1582 896 1623 928 ad
1642 899 1701 928 ter-

1188 941 1308 973 minum
1320 941 1519 973 remotiorem
1533 941 1571 973 ob
1585 940 1700 973 bellum

1188 986 1350 1018 Pontifieis
1373 996 1444 1018 eum
1467 986 1629 1027 Hispania.

1169 1209 1246 1241 1558
1266 1209 1398 1251 denique
1418 1209 1478 1250 (19.
1500 1209 1573 1241 Jun.
1594 1228 1633 1231 —
1652 1209 1698 1241 10.

1189 1254 1288 1296 Sept.)
1313 1254 1506 1296 congregatis
1531 1254 1639 1285 Romae
1662 1255 1701 1285 20

1189 1298 1342 1340 professis,
1360 1299 1474 1331 Lainez
1490 1298 1646 1340 suffragiis
1663 1299 1700 1330 13

1189 1343 1304 1375 electus
1326 1347 1373 1375 est
1393 1343 1559 1376 Generalis.

1174 1612 1361 1644 Decreta
1390 1611 1424 1645 1.
1458 1610 1698 1653 Gongrega-

1193 1655 1330 1688 tionis
1337 1664 1347 1687 ε

1173 1717 1212 1750 Α.
1241 1718 1321 1749 Ante
1345 1717 1513 1750 electionem
1539 1729 1593 1748 non
1608 1720 1703 1747 niside

1193 1761 1339 1796 quaestione
1346 1760 1481 1788 electionis
1489 1763 1573 1796 agunt
1579 1761 1702 1787 omnibus

1189 1797 1247 1824 aliis
1258 1797 1381 1829 exclusis.
1391 1797 1433 1824 uti
1443 1797 1525 1824 etiam
1535 1797 1563 1823 in
1574 1797 1702 1831 proximis

1189 1833 1450 1868 congregationibus.
1473 1833 1531 1859 Iino
1542 1833 1621 1867 juxta
1631 1832 1700 1859 decr.

1190 1869 1239 1895 115
1255 1877 1280 1903 p.
1297 1877 1319 1896 e.
1336 1869 1443 1896 decreta
1458 1877 1481 1895 a.
1499 1877 1520 1895 e.
1537 1869 1565 1895 in
1579 1869 1701 1895 futurum

1190 1904 1348 1939 obligatoria
1357 1913 1412 1931 non
1422 1906 1494 1936 sunt,
1505 1904 1556 1931 nisi
1566 1912 1592 1939 p.
1605 1912 1626 1930 e.
1640 1912 1701 1930 oon-

1188 1940 1337 1967 firmentur.
1394 1940 1432 1967 At
1459 1939 1633 1975 Congregatio
1663 1939 1698 1966 II.

1188 1976 1257 2003 deor.
1276 1977 1316 2003 51.
1335 1976 1388 2003 ista
1405 1976 1513 2002 decreta
1530 1975 1702 2002 confirmavit

1190 2020 1273 2046 usque
1296 2012 1331 2039 ad
1353 2012 1502 2047 proximam
1525 2012 1618 2046 Congr.
1642 2019 1700 2045 quae

1186 2047 1283 2074 iterum
1316 2048 1348 2074 de
1384 2047 1478 2074 iisdem
1510 2047 1572 2082 egit.
1624 2047 1700 2073 Unde

1191 2088 1322 2122 paulatim
1333 2089 1393 2115 orta
1405 2090 1447 2115 est
1461 2085 1606 2116 Formula
1621 2085 1699 2114 Gon-

1191 2131 1376 2167 gregationis
1409 2130 1559 2167 generalis
1598 2138 1616 2160 a
1644 2127 1696 2160 IV.

1189 2174 1297 2215 Congr.
1313 2173 1497 2215 approbata,
1509 2173 1528 2205 i.
1542 2183 1567 2204 e.
1578 2172 1698 2204 metho-

1189 2219 1246 2250 dus
1271 2222 1418 2250 aoourata
1439 2217 1571 2259 eligendi
1594 2220 1626 2248 et
1650 2227 1698 2249 res

1188 2263 1355 2301 tractandi,
1399 2272 1467 2304 quae
1500 2261 1699 2294 excolebatur

1187 2307 1285 2349 magis
1298 2318 1317 2339 a
1334 2306 1630 2349 Congregationibus
1641 2306 1695 2338 VI.

1188 2353 1259 2384 VII.
1274 2352 1362 2384 VIII.
1380 2352 1421 2384 X.
1439 2352 1497 2384 XI.
1511 2351 1587 2383 XII.
1602 2351 1695 2384 XIII.

1189 2401 1221 2429 et
1238 2396 1360 2428 XVIII.

1167 2487 1204 2519 Β.
1213 2486 1286 2518 Post
1291 2486 1474 2518 electionem:
1488 2491 1511 2516 1.
1519 2489 1588 2516 circa
1593 2489 1698 2515 electio-

1186 2538 1247 2556 nem
1265 2532 1293 2557 et
1309 2530 1441 2557 rationem
1459 2537 1499 2556 res
1517 2529 1653 2556 tractandi
1670 2529 1698 2555 in

1187 2566 1293 2600 Congr.;
1318 2567 1342 2592 2.
1368 2565 1529 2592 exammatio
1553 2566 1581 2591 et
1603 2573 1698 2599 appro-

1187 2601 1261 2628 batio
1299 2601 1539 2632 Constitutionum;
1577 2600 1601 2627 3.
1641 2600 1698 2626 aliae

1187 2637 1340 2668 decisiones,
1355 2639 1387 2664 ut
1401 2637 1433 2663 de
1447 2636 1584 2668 electione,
1600 2636 1698 2667 officio,

1736 2191 1814 2222 1560

1756 673 1888 704 vineias:
1918 673 2162 713 Neapolitanam,
2192 673 2279 705 Lom-

1757 717 1916 756 bardicam,
1941 718 2108 750 Etruscam.

1739 851 1815 883 1559
1834 851 2003 890 Trevisani,
2022 851 2205 884 Patriaroha
2222 853 2281 882 Ve-

1758 897 1920 935 uenarum,
1955 896 2105 928 Societati
2138 896 2279 928 infestus.

1733 984 1901 1011 Acousantur
1914 985 1932 1011 J
1934 984 2033 1017 esuitae,
2049 985 2121 1019 quod
2134 986 2166 1011 ut
2180 985 2281 1026 contes-

1756 1020 1819 1047 sarii
1842 1020 1972 1047 nobilium
1996 1021 2156 1047 feminarum
2180 1028 2207 1047 se
2232 1029 2281 1047 lm-

1756 1056 1886 1083 misceant
1896 1056 1923 1082 in
1934 1056 2050 1083 rationes
2060 1058 2157 1083 status.
2180 1056 2208 1083 P.
2222 1057 2281 1083 Pal-

1756 1092 1824 1118 mius
1847 1092 1917 1119 Duoi
1939 1092 2022 1118 Friuli
2044 1092 2164 1119 ostendit
2185 1092 2282 1119 severi-

1756 1129 1842 1154 tatem
1863 1128 1986 1155 Instituti
2006 1128 2076 1155 cirea
2096 1129 2199 1163 puncta
2218 1136 2282 1162 prae-

1756 1163 1829 1190 dieta
1846 1165 1874 1190 et
1890 1164 2049 1190 futilitatem
2067 1165 2280 1196 aoeusationum;

1756 1201 1914 1234 conceptum
1926 1200 2063 1226 decretum
2069 1199 2152 1226 socios
2160 1199 2282 1235 eJieiendi

1756 1235 1913 1262 declinatur.

1741 1833 1777 1865 In
1801 1833 1902 1865 Gallia
1926 1836 1984 1867 PP.
2011 1834 2172 1870 Augerius,
2202 1833 2281 1869 cou-

1758 1880 1871 1915 dretus‚
1895 1880 2034 1909 Pelletier
2057 1876 2280 1909 Calvinismum

1758 1926 1950 1965 oppugnant.

1857 2191 1930 2222 Ant.
1963 2192 2146 2222 Possevinus
2186 2191 2276 2233 (ingr.

1757 2235 1833 2267 1559
1856 2245 1953 2267 annos
1975 2239 2069 2267 natus
2091 2235 2143 2277 26)
2163 2245 2277 2277 magno

1756 2290 1826 2312 eum
1845 2279 1947 2312 fructu
1967 2279 2000 2311 in
2018 2279 2175 2312 Sabaudia
2192 2279 2278 2312 labo-

1754 2328 1814 2363 rat,
1834 2325 2004 2366 eodemque
2022 2324 2115 2356 modo
2135 2325 2212 2357 1562
2230 2335 2275 2366 sq.

1755 2380 1826 2401 oum
1847 2369 1980 2411 Augerio
2012 2369 2045 2401 in
2067 2369 2169 2402 Gallia
2188 2369 2278 2401 meri-

1755 2413 1880 2446 dionali.

1186 2673 1289 2706 juribus
1313 2672 1512 2703 Assistmtium,
1537 2674 1564 2698 et
1588 2679 1699 2698 examen
1737 2680 1814 2713 1551
1833 2681 1864 2713 0·
1886 2680 2088 2712 Turnoneme·

1186 2709 1314 2735 iteratum
1335 2708 1485 2743 regularum
1507 2707 1563 2742 jam
1586 2707 1699 2734 existen-

1187 2743 1255 2771 tium
1282 2752 1343 2770 eum
1369 2743 1591 2770 determinatione
1616 2751 1698 2770 nova-

1186 2788 1245 2806 rum
1263 2788 1311 2814 pro
1329 2779 1438 2814 singulis
1456 2779 1617 2806 muneribus.

1412 3081 1451 3113 36

1737 2814 1892 2846 1561-62
1914 2813 2028 2845 Lainez
2050 2823 2120 2845 eum
2142 2813 2277 2846 Polanoo

1755 2859 1885 2890 interest
1907 2857 2035 2890 Pissiaci
2058 2857 2193 2899 (Poissy)
2217 2857 2278 2890 dis-

1754 2902 1911 2944 putationi
1932 2902 1970 2934 de
1982 2901 2134 2943 religione.
2157 2902 2277 2934 Deinde

1755 2956 1810 2989 per
1841 2946 1982 2988 Belgium
2015 2949 2047 2978 et
2078 2946 2277 2979 Germaniam

1755 2991 1837 3032 petit
1857 2990 2049 3023 Tridentum.

1983 3079 2021 3110 37
