<?xml version="1.0" encoding="UTF-8"?>
<!DOCTYPE html PUBLIC "-//W3C//DTD XHTML 1.0 Transitional//EN"
    "http://www.w3.org/TR/xhtml1/DTD/xhtml1-transitional.dtd">
<html xmlns="http://www.w3.org/1999/xhtml" xml:lang="en" lang="en">
 <head>
  <title>
</title>
<meta http-equiv="Content-Type" content="text/html;charset=utf-8" />
  <meta name='ocr-system' content='tesseract 3.04.00' />
  <meta name='ocr-capabilities' content='ocr_page ocr_carea ocr_par ocr_line ocrx_word'/>
</head>
<body>
  <div class='ocr_page' id='page_1' title='image "./synopsishistoria00wern_0086.png"; bbox 0 0 2372 3550; ppageno 0'>
   <div class='ocr_carea' id='block_1_1' title="bbox 185 272 2119 280">
    <p class='ocr_par' dir='ltr' id='par_1_1' title="bbox 185 272 2119 280">
     <span class='ocr_line' id='line_1_1' title="bbox 185 272 2119 280; baseline 0 0"><span class='ocrx_word' id='word_1_1' title='bbox 185 272 2119 280; x_wconf 95' lang='lat' dir='ltr'> </span> 
     </span>
    </p>
   </div>
   <div class='ocr_carea' id='block_1_2' title="bbox 785 292 1100 327">
    <p class='ocr_par' dir='ltr' id='par_1_2' title="bbox 785 292 1100 327">
     <span class='ocr_line' id='line_1_2' title="bbox 785 292 1100 327; baseline -0.01 -3"><span class='ocrx_word' id='word_1_2' title='bbox 785 293 904 324; x_wconf 88' lang='lat' dir='ltr'>Summi</span> <span class='ocrx_word' id='word_1_3' title='bbox 924 292 1100 327; x_wconf 80' lang='lat' dir='ltr'>Pontifices,</span> 
     </span>
    </p>
   </div>
   <div class='ocr_carea' id='block_1_3' title="bbox 250 320 1110 373">
    <p class='ocr_par' dir='ltr' id='par_1_3' title="bbox 250 320 1110 373">
     <span class='ocr_line' id='line_1_3' title="bbox 250 320 1110 373; baseline 0.012 -17"><span class='ocrx_word' id='word_1_4' title='bbox 250 320 387 352; x_wconf 75' lang='lat' dir='ltr'>Historia</span> <span class='ocrx_word' id='word_1_5' title='bbox 407 320 664 355; x_wconf 63' lang='lat' dir='ltr'>⁰⁰¹¹t⁰ml³⁰r³¹¹⁰⁸¹</span> <span class='ocrx_word' id='word_1_6' title='bbox 772 338 900 368; x_wconf 84' lang='lat' dir='ltr'>Litterae</span> <span class='ocrx_word' id='word_1_7' title='bbox 920 336 1110 373; x_wconf 86' lang='lat' dir='ltr'>Apostolicae</span> 
     </span>
    </p>
   </div>
   <div class='ocr_carea' id='block_1_4' title="bbox 1140 281 1147 387">
    <p class='ocr_par' dir='ltr' id='par_1_4' title="bbox 1140 281 1147 387">
     <span class='ocr_line' id='line_1_4' title="bbox 1140 281 1147 387; baseline 0 0"><span class='ocrx_word' id='word_1_8' title='bbox 1140 281 1147 387; x_wconf 95' lang='lat' dir='ltr'> </span> 
     </span>
    </p>
   </div>
   <div class='ocr_carea' id='block_1_5' title="bbox 1303 273 2119 281">
    <p class='ocr_par' dir='ltr' id='par_1_5' title="bbox 1303 273 2119 281">
     <span class='ocr_line' id='line_1_5' title="bbox 1303 273 2119 281; baseline 0 0"><span class='ocrx_word' id='word_1_9' title='bbox 1303 273 2119 281; x_wconf 95' lang='lat' dir='ltr'> </span> 
     </span>
    </p>
   </div>
   <div class='ocr_carea' id='block_1_6' title="bbox 1189 292 1680 367">
    <p class='ocr_par' dir='ltr' id='par_1_6' title="bbox 1189 292 1680 367">
     <span class='ocr_line' id='line_1_6' title="bbox 1189 292 1680 330; baseline 0.002 -8"><span class='ocrx_word' id='word_1_10' title='bbox 1189 292 1353 328; x_wconf 82' lang='lat' dir='ltr'>Praepositi</span> <span class='ocrx_word' id='word_1_11' title='bbox 1374 292 1404 322; x_wconf 85' lang='lat' dir='ltr'>et</span> <span class='ocrx_word' id='word_1_12' title='bbox 1425 292 1680 330; x_wconf 82' lang='lat' dir='ltr'>congregationes</span> 
     </span>
     <span class='ocr_line' id='line_1_7' title="bbox 1353 337 1516 367; baseline 0 0"><span class='ocrx_word' id='word_1_13' title='bbox 1353 337 1516 367; x_wconf 83' lang='lat' dir='ltr'>Generales</span> 
     </span>
    </p>
   </div>
   <div class='ocr_carea' id='block_1_7' title="bbox 799 384 1323 389">
    <p class='ocr_par' dir='ltr' id='par_1_7' title="bbox 799 384 1323 389">
     <span class='ocr_line' id='line_1_8' title="bbox 799 384 1323 389; baseline 0 0"><span class='ocrx_word' id='word_1_14' title='bbox 799 384 1323 389; x_wconf 95' lang='lat' dir='ltr'> </span> 
     </span>
    </p>
   </div>
   <div class='ocr_carea' id='block_1_8' title="bbox 206 384 1323 393">
    <p class='ocr_par' dir='ltr' id='par_1_8' title="bbox 206 384 1323 393">
     <span class='ocr_line' id='line_1_9' title="bbox 206 384 1323 393; baseline 0 0"><span class='ocrx_word' id='word_1_15' title='bbox 206 384 1323 393; x_wconf 95' lang='lat' dir='ltr'> </span> 
     </span>
    </p>
   </div>
   <div class='ocr_carea' id='block_1_9' title="bbox 1890 315 2109 352">
    <p class='ocr_par' dir='ltr' id='par_1_9' title="bbox 1890 315 2109 352">
     <span class='ocr_line' id='line_1_10' title="bbox 1890 315 2109 352; baseline 0 -7"><span class='ocrx_word' id='word_1_16' title='bbox 1890 315 1990 352; x_wconf 86' lang='lat' dir='ltr'>Italia,</span> <span class='ocrx_word' id='word_1_17' title='bbox 2010 316 2109 346; x_wconf 86' lang='lat' dir='ltr'>Gallia</span> 
     </span>
    </p>
   </div>
   <div class='ocr_carea' id='block_1_10' title="bbox 1513 386 2211 392">
    <p class='ocr_par' dir='ltr' id='par_1_10' title="bbox 1513 386 2211 392">
     <span class='ocr_line' id='line_1_11' title="bbox 1513 386 2211 392; baseline 0 0"><span class='ocrx_word' id='word_1_18' title='bbox 1513 386 2211 392; x_wconf 95' lang='lat' dir='ltr'> </span> 
     </span>
    </p>
   </div>
   <div class='ocr_carea' id='block_1_11' title="bbox 398 388 2260 398">
    <p class='ocr_par' dir='ltr' id='par_1_11' title="bbox 398 388 2260 398">
     <span class='ocr_line' id='line_1_12' title="bbox 398 388 2260 398; baseline 0 0"><span class='ocrx_word' id='word_1_19' title='bbox 398 388 2260 398; x_wconf 95' lang='lat' dir='ltr'> </span> 
     </span>
    </p>
   </div>
   <div class='ocr_carea' id='block_1_12' title="bbox 184 846 727 934">
    <p class='ocr_par' dir='ltr' id='par_1_12' title="bbox 184 846 727 934">
     <span class='ocr_line' id='line_1_13' title="bbox 184 846 727 888; baseline -0.007 -7"><span class='ocrx_word' id='word_1_20' title='bbox 184 849 262 881; x_wconf 87' lang='grc'><strong>1713</strong></span> <span class='ocrx_word' id='word_1_21' title='bbox 288 847 381 880; x_wconf 88' lang='lat' dir='ltr'>Bulla</span> <span class='ocrx_word' id='word_1_22' title='bbox 409 846 590 888; x_wconf 72' lang='lat' dir='ltr'>Uniqenitus</span> <span class='ocrx_word' id='word_1_23' title='bbox 617 849 727 878; x_wconf 86' lang='lat' dir='ltr'>contra</span> 
     </span>
     <span class='ocr_line' id='line_1_14' title="bbox 204 890 696 934; baseline -0.006 -9"><span class='ocrx_word' id='word_1_24' title='bbox 204 894 260 925; x_wconf 89' lang='grc'>101</span> <span class='ocrx_word' id='word_1_25' title='bbox 280 891 507 934; x_wconf 80' lang='lat' dir='ltr'>propositiones</span> <span class='ocrx_word' id='word_1_26' title='bbox 532 890 696 929; x_wconf 87' lang='lat' dir='ltr'>Quesuelii.</span> 
     </span>
    </p>
   </div>
   <div class='ocr_carea' id='block_1_13' title="bbox 760 1064 1133 1098">
    <p class='ocr_par' dir='ltr' id='par_1_13' title="bbox 760 1064 1133 1098">
     <span class='ocr_line' id='line_1_15' title="bbox 760 1064 1133 1098; baseline -0.008 0"><span class='ocrx_word' id='word_1_27' title='bbox 760 1065 847 1098; x_wconf 86' lang='lat'>1715.</span> <span class='ocrx_word' id='word_1_28' title='bbox 862 1066 909 1098; x_wconf 84' lang='lat'>19.</span> <span class='ocrx_word' id='word_1_29' title='bbox 924 1065 1016 1097; x_wconf 86' lang='lat' dir='ltr'>Mart.</span> <span class='ocrx_word' id='word_1_30' title='bbox 1034 1064 1084 1096; x_wconf 77' lang='lat' dir='ltr'>Eo:</span> <span class='ocrx_word' id='word_1_31' title='bbox 1096 1064 1133 1096; x_wconf 79' lang='lat' dir='ltr'>il-</span> 
     </span>
    </p>
   </div>
   <div class='ocr_carea' id='block_1_14' title="bbox 780 1110 1134 1260">
    <p class='ocr_par' dir='ltr' id='par_1_14' title="bbox 780 1110 1134 1260">
     <span class='ocr_line' id='line_1_16' title="bbox 780 1110 1130 1142; baseline -0.009 0"><span class='ocrx_word' id='word_1_32' title='bbox 780 1111 810 1142; x_wconf 81' lang='grc' dir='ltr'>Ζα</span> <span class='ocrx_word' id='word_1_33' title='bbox 831 1110 889 1142; x_wconf 74' lang='lat' dir='ltr'>die:</span> <span class='ocrx_word' id='word_1_34' title='bbox 907 1115 984 1140; x_wconf 84' lang='lat' dir='ltr'>vetat</span> <span class='ocrx_word' id='word_1_35' title='bbox 1004 1112 1071 1140; x_wconf 86' lang='lat' dir='ltr'>ritus</span> <span class='ocrx_word' id='word_1_36' title='bbox 1091 1112 1130 1140; x_wconf 87' lang='lat' dir='ltr'>Si-</span> 
     </span>
     <span class='ocr_line' id='line_1_17' title="bbox 782 1153 1134 1188; baseline -0.009 -6"><span class='ocrx_word' id='word_1_37' title='bbox 782 1154 855 1182; x_wconf 83' lang='lat' dir='ltr'>nicos</span> <span class='ocrx_word' id='word_1_38' title='bbox 870 1155 899 1181; x_wconf 89' lang='lat' dir='ltr'>et</span> <span class='ocrx_word' id='word_1_39' title='bbox 915 1153 1062 1188; x_wconf 80' lang='lat' dir='ltr'>praescribit</span> <span class='ocrx_word' id='word_1_40' title='bbox 1079 1161 1134 1179; x_wconf 91' lang='lat' dir='ltr'>om-</span> 
     </span>
     <span class='ocr_line' id='line_1_18' title="bbox 782 1189 1133 1224; baseline -0.006 -7"><span class='ocrx_word' id='word_1_41' title='bbox 782 1190 861 1217; x_wconf 89' lang='lat' dir='ltr'>nibus</span> <span class='ocrx_word' id='word_1_42' title='bbox 887 1189 1058 1217; x_wconf 74' lang='lat' dir='ltr'>missionariis</span> <span class='ocrx_word' id='word_1_43' title='bbox 1080 1189 1133 1224; x_wconf 85' lang='lat' dir='ltr'>jus-</span> 
     </span>
     <span class='ocr_line' id='line_1_19' title="bbox 783 1224 1113 1260; baseline -0.003 -8"><span class='ocrx_word' id='word_1_44' title='bbox 783 1225 926 1260; x_wconf 79' lang='lat' dir='ltr'><strong>jurandum</strong></span> <span class='ocrx_word' id='word_1_45' title='bbox 945 1224 1113 1252; x_wconf 71' lang='lat' dir='ltr'>obedientiae.</span> 
     </span>
    </p>
   </div>
   <div class='ocr_carea' id='block_1_15' title="bbox 185 1292 726 1336">
    <p class='ocr_par' dir='ltr' id='par_1_15' title="bbox 185 1292 726 1336">
     <span class='ocr_line' id='line_1_20' title="bbox 185 1292 726 1336; baseline -0.006 -10"><span class='ocrx_word' id='word_1_46' title='bbox 185 1294 275 1336; x_wconf 72' lang='lat' dir='ltr'>Anql.</span> <span class='ocrx_word' id='word_1_47' title='bbox 299 1293 448 1335; x_wconf 82' lang='lat' dir='ltr'>Georgius</span> <span class='ocrx_word' id='word_1_48' title='bbox 471 1293 495 1325; x_wconf 91' lang='lat' dir='ltr'>I.</span> <span class='ocrx_word' id='word_1_49' title='bbox 520 1292 726 1325; x_wconf 81' lang='lat'>1714—1727.</span> 
     </span>
    </p>
   </div>
   <div class='ocr_carea' id='block_1_16' title="bbox 197 1866 1144 1960">
    <p class='ocr_par' dir='ltr' id='par_1_16' title="bbox 197 1866 1144 1960">
     <span class='ocr_line' id='line_1_21' title="bbox 197 1866 1144 1915; baseline -0.006 -9"><span class='ocrx_word' id='word_1_50' title='bbox 197 1874 275 1907; x_wconf 89' lang='lat'>1714</span> <span class='ocrx_word' id='word_1_51' title='bbox 297 1872 428 1915; x_wconf 82' lang='lat' dir='ltr'>Aliquot</span> <span class='ocrx_word' id='word_1_52' title='bbox 451 1872 587 1915; x_wconf 77' lang='lat' dir='ltr'>episcopi</span> <span class='ocrx_word' id='word_1_53' title='bbox 611 1876 644 1906; x_wconf 86' lang='lat' dir='ltr'>et</span> <span class='ocrx_word' id='word_1_54' title='bbox 667 1872 738 1905; x_wconf 88' lang='lat' dir='ltr'>doc·</span> <span class='ocrx_word' id='word_1_55' title='bbox 771 1868 858 1900; x_wconf 82' lang='lat'>1716.</span> <span class='ocrx_word' id='word_1_56' title='bbox 889 1868 918 1900; x_wconf 86' lang='lat'>8.</span> <span class='ocrx_word' id='word_1_57' title='bbox 947 1867 1022 1909; x_wconf 81' lang='lat' dir='ltr'>Maj.</span> <span class='ocrx_word' id='word_1_58' title='bbox 1055 1866 1144 1899; x_wconf 75' lang='lat' dir='ltr'>Viros</span> 
     </span>
     <span class='ocr_line' id='line_1_22' title="bbox 214 1912 1141 1960; baseline -0.006 -9"><span class='ocrx_word' id='word_1_59' title='bbox 214 1922 296 1951; x_wconf 86' lang='lat' dir='ltr'>tores</span> <span class='ocrx_word' id='word_1_60' title='bbox 341 1917 486 1960; x_wconf 87' lang='lat' dir='ltr'>gallicani</span> <span class='ocrx_word' id='word_1_61' title='bbox 532 1917 739 1950; x_wconf 78' lang='lat' dir='ltr'><strong>adversantur</strong></span> <span class='ocrx_word' id='word_1_62' title='bbox 790 1912 942 1954; x_wconf 75' lang='lat' dir='ltr'>qloriosos:</span> <span class='ocrx_word' id='word_1_63' title='bbox 969 1915 1141 1942; x_wconf 78' lang='lat' dir='ltr'>Beatificatio</span> 
     </span>
    </p>
   </div>
   <div class='ocr_carea' id='block_1_17' title="bbox 214 1955 1144 2005">
    <p class='ocr_par' dir='ltr' id='par_1_17' title="bbox 214 1955 1144 2005">
     <span class='ocr_line' id='line_1_23' title="bbox 214 1955 1144 2005; baseline -0.012 -9"><span class='ocrx_word' id='word_1_64' title='bbox 214 1963 306 1996; x_wconf 81' lang='lat' dir='ltr'>bullae</span> <span class='ocrx_word' id='word_1_65' title='bbox 322 1961 560 2005; x_wconf 85' lang='lat' dir='ltr'>,‚Unigenitus“.</span> <span class='ocrx_word' id='word_1_66' title='bbox 793 1957 811 1984; x_wconf 90' lang='lat' dir='ltr'><strong>J</strong></span> <span class='ocrx_word' id='word_1_67' title='bbox 812 1956 906 1984; x_wconf 74' lang='lat' dir='ltr'>oannis</span> <span class='ocrx_word' id='word_1_68' title='bbox 916 1955 1144 1991; x_wconf 71' lang='lat' dir='ltr'>FrancisciRegis,</span> 
     </span>
    </p>
   </div>
   <div class='ocr_carea' id='block_1_18' title="bbox 201 2451 617 2493">
    <p class='ocr_par' dir='ltr' id='par_1_18' title="bbox 201 2451 617 2493">
     <span class='ocr_line' id='line_1_24' title="bbox 201 2451 617 2493; baseline -0.002 -7"><span class='ocrx_word' id='word_1_69' title='bbox 201 2452 287 2486; x_wconf 87' lang='lat'>1715.</span> <span class='ocrx_word' id='word_1_70' title='bbox 305 2453 332 2485; x_wconf 91' lang='lat'>7.</span> <span class='ocrx_word' id='word_1_71' title='bbox 349 2452 421 2485; x_wconf 86' lang='lat' dir='ltr'>Jan.</span> <span class='ocrx_word' id='word_1_72' title='bbox 437 2451 458 2493; x_wconf 86' lang='lat'>†</span> <span class='ocrx_word' id='word_1_73' title='bbox 471 2451 617 2485; x_wconf 70' lang='lat' dir='ltr'>Fenelon.</span> 
     </span>
    </p>
   </div>
   <div class='ocr_carea' id='block_1_19' title="bbox 201 2718 1150 2815">
    <p class='ocr_par' dir='ltr' id='par_1_19' title="bbox 201 2718 1150 2815">
     <span class='ocr_line' id='line_1_25' title="bbox 201 2718 1150 2760; baseline -0.002 -7"><span class='ocrx_word' id='word_1_74' title='bbox 201 2719 277 2753; x_wconf 77' lang='lat' dir='ltr'>Gall.</span> <span class='ocrx_word' id='word_1_75' title='bbox 304 2718 500 2752; x_wconf 82' lang='lat'>1715-1725</span> <span class='ocrx_word' id='word_1_76' title='bbox 516 2718 747 2752; x_wconf 80' lang='lat' dir='ltr'>administratio</span> <span class='ocrx_word' id='word_1_77' title='bbox 777 2720 865 2753; x_wconf 83' lang='lat'>1716.</span> <span class='ocrx_word' id='word_1_78' title='bbox 884 2720 912 2752; x_wconf 89' lang='grc'>3.</span> <span class='ocrx_word' id='word_1_79' title='bbox 932 2719 1006 2752; x_wconf 88' lang='lat' dir='ltr'>Jun.</span> <span class='ocrx_word' id='word_1_80' title='bbox 1042 2719 1150 2760; x_wconf 79' lang='lat' dir='ltr'>Nuper</span> 
     </span>
     <span class='ocr_line' id='line_1_26' title="bbox 223 2763 1145 2815; baseline -0.002 -18"><span class='ocrx_word' id='word_1_81' title='bbox 223 2763 412 2815; x_wconf 65' lang='lat' dir='ltr'>reipublicae</span> <span class='ocrx_word' id='word_1_82' title='bbox 423 2763 457 2795; x_wconf 90' lang='lat' dir='ltr'>in</span> <span class='ocrx_word' id='word_1_83' title='bbox 470 2773 567 2795; x_wconf 90' lang='lat' dir='ltr'>manu</span> <span class='ocrx_word' id='word_1_84' title='bbox 581 2763 667 2796; x_wconf 87' lang='lat' dir='ltr'>ducis</span> <span class='ocrx_word' id='word_1_85' title='bbox 680 2763 744 2795; x_wconf 86' lang='lat' dir='ltr'>Au·</span> <span class='ocrx_word' id='word_1_86' title='bbox 796 2774 851 2805; x_wconf 78' lang='lat' dir='ltr'>pro</span> <span class='ocrx_word' id='word_1_87' title='bbox 871 2767 967 2804; x_wconf 76' lang='lat' dir='ltr'>parte:</span> <span class='ocrx_word' id='word_1_88' title='bbox 996 2767 1071 2795; x_wconf 74' lang='lat' dir='ltr'>bulla¹</span> <span class='ocrx_word' id='word_1_89' title='bbox 1090 2767 1145 2794; x_wconf 84' lang='lat' dir='ltr'>Gle-</span> 
     </span>
    </p>
   </div>
   <div class='ocr_carea' id='block_1_20' title="bbox 224 2807 1151 2871">
    <p class='ocr_par' dir='ltr' id='par_1_20' title="bbox 224 2807 1151 2871">
     <span class='ocr_line' id='line_1_27' title="bbox 224 2807 1151 2850; baseline -0.005 -8"><span class='ocrx_word' id='word_1_90' title='bbox 224 2808 401 2842; x_wconf 82' lang='lat' dir='ltr'>rehanensis</span> <span class='ocrx_word' id='word_1_91' title='bbox 419 2817 475 2850; x_wconf 89' lang='lat' dir='ltr'>pro</span> <span class='ocrx_word' id='word_1_92' title='bbox 494 2807 653 2840; x_wconf 84' lang='lat' dir='ltr'>Ludovieo</span> <span class='ocrx_word' id='word_1_93' title='bbox 672 2807 742 2841; x_wconf 87' lang='lat' dir='ltr'>XV.</span> <span class='ocrx_word' id='word_1_94' title='bbox 799 2808 897 2849; x_wconf 65' lang='lat' dir='ltr'>ruentis</span> <span class='ocrx_word' id='word_1_95' title='bbox 913 2808 960 2849; x_wconf 40' lang='lat' dir='ltr'>X...</span> <span class='ocrx_word' id='word_1_96' title='bbox 971 2807 1040 2835; x_wconf 72' lang='lat' dir='ltr'>cirea</span> <span class='ocrx_word' id='word_1_97' title='bbox 1055 2808 1151 2834; x_wconf 75' lang='lat' dir='ltr'>funera</span> 
     </span>
     <span class='ocr_line' id='line_1_28' title="bbox 799 2843 1148 2871; baseline -0.003 -1"><span class='ocrx_word' id='word_1_98' title='bbox 799 2852 828 2871; x_wconf 85' lang='lat' dir='ltr'>m</span> <span class='ocrx_word' id='word_1_99' title='bbox 849 2843 974 2871; x_wconf 83' lang='lat' dir='ltr'>Ecclesus</span> <span class='ocrx_word' id='word_1_100' title='bbox 994 2843 1021 2871; x_wconf 88' lang='lat' dir='ltr'>S.</span> <span class='ocrx_word' id='word_1_101' title='bbox 1037 2844 1064 2871; x_wconf 88' lang='lat' dir='ltr'>J.</span> <span class='ocrx_word' id='word_1_102' title='bbox 1089 2851 1148 2870; x_wconf 88' lang='lat' dir='ltr'>con-</span> 
     </span>
    </p>
   </div>
   <div class='ocr_carea' id='block_1_21' title="bbox 799 2879 933 2908">
    <p class='ocr_par' dir='ltr' id='par_1_21' title="bbox 799 2879 933 2908">
     <span class='ocr_line' id='line_1_29' title="bbox 799 2879 933 2908; baseline 0.007 -1"><span class='ocrx_word' id='word_1_103' title='bbox 799 2879 933 2908; x_wconf 73' lang='lat' dir='ltr'>firmatur.</span> 
     </span>
    </p>
   </div>
   <div class='ocr_carea' id='block_1_22' title="bbox 454 3117 995 3150">
    <p class='ocr_par' dir='ltr' id='par_1_22' title="bbox 454 3117 995 3150">
     <span class='ocr_line' id='line_1_30' title="bbox 454 3117 995 3150; baseline -0.002 0"><span class='ocrx_word' id='word_1_104' title='bbox 454 3118 513 3150; x_wconf 79' lang='lat'>274</span> <span class='ocrx_word' id='word_1_105' title='bbox 936 3117 995 3149; x_wconf 82' lang='lat'>275</span> 
     </span>
    </p>
   </div>
   <div class='ocr_carea' id='block_1_23' title="bbox 1155 436 1704 487">
    <p class='ocr_par' dir='ltr' id='par_1_23' title="bbox 1155 436 1704 487">
     <span class='ocr_line' id='line_1_31' title="bbox 1155 436 1704 487; baseline 0 3063"><span class='ocrx_word' id='word_1_106' title='bbox 1155 436 1704 487; x_wconf 95' lang='lat' dir='ltr'> </span> 
     </span>
    </p>
   </div>
   <div class='ocr_carea' id='block_1_24' title="bbox 1272 460 1595 487">
    <p class='ocr_par' dir='ltr' id='par_1_24' title="bbox 1272 460 1595 487">
     <span class='ocr_line' id='line_1_32' title="bbox 1272 460 1595 487; baseline 0.003 -2"><span class='ocrx_word' id='word_1_107' title='bbox 1272 460 1303 486; x_wconf 86' lang='lat' dir='ltr'>V.</span> <span class='ocrx_word' id='word_1_108' title='bbox 1320 460 1365 486; x_wconf 75' lang='lat' dir='ltr'>Pr.</span> <span class='ocrx_word' id='word_1_109' title='bbox 1385 460 1502 486; x_wconf 74' lang='lat' dir='ltr'>Sinens18</span> <span class='ocrx_word' id='word_1_110' title='bbox 1519 461 1595 487; x_wconf 82' lang='lat'>1710.</span> 
     </span>
    </p>
   </div>
   <div class='ocr_carea' id='block_1_25' title="bbox 1180 503 1687 571">
    <p class='ocr_par' dir='ltr' id='par_1_25' title="bbox 1180 503 1687 571">
     <span class='ocr_line' id='line_1_33' title="bbox 1213 503 1687 536; baseline 0.004 -7"><span class='ocrx_word' id='word_1_111' title='bbox 1213 504 1241 530; x_wconf 80' lang='lat' dir='ltr'>c.</span> <span class='ocrx_word' id='word_1_112' title='bbox 1258 503 1470 535; x_wconf 82' lang='lat' dir='ltr'>Hamchevense,</span> <span class='ocrx_word' id='word_1_113' title='bbox 1505 503 1687 536; x_wconf 81' lang='lat' dir='ltr'>Nankinense‚</span> 
     </span>
     <span class='ocr_line' id='line_1_34' title="bbox 1180 539 1339 571; baseline 0 -6"><span class='ocrx_word' id='word_1_114' title='bbox 1180 539 1339 571; x_wconf 85' lang='lat' dir='ltr'>Pekinense;</span> 
     </span>
    </p>
   </div>
   <div class='ocr_carea' id='block_1_26' title="bbox 1180 583 1691 1298">
    <p class='ocr_par' dir='ltr' id='par_1_26' title="bbox 1180 583 1691 1256">
     <span class='ocr_line' id='line_1_35' title="bbox 1214 583 1688 616; baseline 0 -6"><span class='ocrx_word' id='word_1_115' title='bbox 1214 585 1247 610; x_wconf 80' lang='lat' dir='ltr'>R.</span> <span class='ocrx_word' id='word_1_116' title='bbox 1264 583 1478 616; x_wconf 70' lang='lat' dir='ltr'>Gaifummensis,</span> <span class='ocrx_word' id='word_1_117' title='bbox 1518 583 1688 610; x_wconf 84' lang='lat' dir='ltr'>Caneheven-</span> 
     </span>
     <span class='ocr_line' id='line_1_36' title="bbox 1180 619 1688 652; baseline -0.002 -6"><span class='ocrx_word' id='word_1_118' title='bbox 1180 619 1225 651; x_wconf 88' lang='lat' dir='ltr'>sis,</span> <span class='ocrx_word' id='word_1_119' title='bbox 1255 619 1454 651; x_wconf 82' lang='lat' dir='ltr'>Chamxaensis,</span> <span class='ocrx_word' id='word_1_120' title='bbox 1489 619 1688 652; x_wconf 83' lang='lat' dir='ltr'>Chamxoensis,</span> 
     </span>
     <span class='ocr_line' id='line_1_37' title="bbox 1181 655 1689 687; baseline 0 -6"><span class='ocrx_word' id='word_1_121' title='bbox 1181 655 1689 687; x_wconf 80' lang='lat' dir='ltr'>Ghimkianensis‚Chimtinensis,Ghim-</span> 
     </span>
     <span class='ocr_line' id='line_1_38' title="bbox 1181 690 1688 723; baseline -0.002 -5"><span class='ocrx_word' id='word_1_122' title='bbox 1181 691 1292 722; x_wconf 76' lang='lat' dir='ltr'>mensis,</span> <span class='ocrx_word' id='word_1_123' title='bbox 1310 690 1473 723; x_wconf 78' lang='lat' dir='ltr'>Ciuanensis,</span> <span class='ocrx_word' id='word_1_124' title='bbox 1486 690 1688 723; x_wconf 81' lang='lat' dir='ltr'>Cumminensis‚</span> 
     </span>
     <span class='ocr_line' id='line_1_39' title="bbox 1181 726 1689 760; baseline -0.002 -7"><span class='ocrx_word' id='word_1_125' title='bbox 1181 726 1367 758; x_wconf 86' lang='lat' dir='ltr'>Fochevensis,</span> <span class='ocrx_word' id='word_1_126' title='bbox 1380 726 1602 758; x_wconf 79' lang='lat' dir='ltr'>Fuenchevensis,</span> <span class='ocrx_word' id='word_1_127' title='bbox 1616 726 1689 760; x_wconf 88' lang='lat' dir='ltr'>Hay-</span> 
     </span>
     <span class='ocr_line' id='line_1_40' title="bbox 1180 761 1690 797; baseline -0.002 -8"><span class='ocrx_word' id='word_1_128' title='bbox 1180 762 1307 794; x_wconf 86' lang='lat' dir='ltr'>ninensis,</span> <span class='ocrx_word' id='word_1_129' title='bbox 1315 762 1537 797; x_wconf 85' lang='lat' dir='ltr'>Hoainganensis,</span> <span class='ocrx_word' id='word_1_130' title='bbox 1544 761 1690 788; x_wconf 87' lang='lat' dir='ltr'>Kiahinen-</span> 
     </span>
     <span class='ocr_line' id='line_1_41' title="bbox 1181 797 1690 830; baseline -0.002 -5"><span class='ocrx_word' id='word_1_131' title='bbox 1181 798 1226 830; x_wconf 85' lang='lat' dir='ltr'>sis,</span> <span class='ocrx_word' id='word_1_132' title='bbox 1238 797 1412 830; x_wconf 84' lang='lat' dir='ltr'>Kiatinensis,</span> <span class='ocrx_word' id='word_1_133' title='bbox 1429 797 1627 829; x_wconf 83' lang='lat' dir='ltr'>Kinkianensis,</span> <span class='ocrx_word' id='word_1_134' title='bbox 1643 798 1690 824; x_wconf 87' lang='lat' dir='ltr'>Ki-</span> 
     </span>
     <span class='ocr_line' id='line_1_42' title="bbox 1182 833 1690 868; baseline 0 -8"><span class='ocrx_word' id='word_1_135' title='bbox 1182 833 1358 866; x_wconf 77' lang='lat' dir='ltr'>amkevensis,</span> <span class='ocrx_word' id='word_1_136' title='bbox 1376 833 1594 865; x_wconf 84' lang='lat' dir='ltr'>Kienchanensis,</span> <span class='ocrx_word' id='word_1_137' title='bbox 1604 833 1690 868; x_wconf 88' lang='lat' dir='ltr'>Luga-</span> 
     </span>
     <span class='ocr_line' id='line_1_43' title="bbox 1181 869 1690 901; baseline 0 -5"><span class='ocrx_word' id='word_1_138' title='bbox 1181 869 1280 901; x_wconf 78' lang='lat' dir='ltr'>nensis,</span> <span class='ocrx_word' id='word_1_139' title='bbox 1309 869 1530 901; x_wconf 87' lang='lat' dir='ltr'>Nanchamensis,</span> <span class='ocrx_word' id='word_1_140' title='bbox 1561 869 1690 896; x_wconf 86' lang='lat' dir='ltr'>Pekineu-</span> 
     </span>
     <span class='ocr_line' id='line_1_44' title="bbox 1183 905 1691 939; baseline -0.002 -7"><span class='ocrx_word' id='word_1_141' title='bbox 1183 905 1228 937; x_wconf 87' lang='lat' dir='ltr'>sis,</span> <span class='ocrx_word' id='word_1_142' title='bbox 1250 905 1505 937; x_wconf 84' lang='lat' dir='ltr'>Pimsiaochaiensis,</span> <span class='ocrx_word' id='word_1_143' title='bbox 1533 905 1691 939; x_wconf 82' lang='lat' dir='ltr'>Pimyaoen-</span> 
     </span>
     <span class='ocr_line' id='line_1_45' title="bbox 1182 940 1690 975; baseline -0.002 -7"><span class='ocrx_word' id='word_1_144' title='bbox 1182 941 1227 973; x_wconf 87' lang='lat' dir='ltr'>sis,</span> <span class='ocrx_word' id='word_1_145' title='bbox 1263 941 1450 973; x_wconf 79' lang='lat' dir='ltr'>Puchevensis,</span> <span class='ocrx_word' id='word_1_146' title='bbox 1485 940 1690 975; x_wconf 86' lang='lat' dir='ltr'>Sanyvenensis,</span> 
     </span>
     <span class='ocr_line' id='line_1_46' title="bbox 1183 976 1691 1011; baseline -0.002 -7"><span class='ocrx_word' id='word_1_147' title='bbox 1183 976 1384 1009; x_wconf 75' lang='lat' dir='ltr'>Siamtanensis,</span> <span class='ocrx_word' id='word_1_148' title='bbox 1394 976 1576 1011; x_wconf 65' lang='lat' dir='ltr'>singonensis,</span> <span class='ocrx_word' id='word_1_149' title='bbox 1593 976 1691 1004; x_wconf 84' lang='lat' dir='ltr'>Suche-</span> 
     </span>
     <span class='ocr_line' id='line_1_47' title="bbox 1183 1013 1691 1045; baseline 0 -6"><span class='ocrx_word' id='word_1_150' title='bbox 1183 1013 1280 1045; x_wconf 84' lang='lat' dir='ltr'>vensis,</span> <span class='ocrx_word' id='word_1_151' title='bbox 1311 1013 1519 1045; x_wconf 84' lang='lat' dir='ltr'>Sumkianensis,</span> <span class='ocrx_word' id='word_1_152' title='bbox 1547 1013 1691 1040; x_wconf 81' lang='lat' dir='ltr'>Taicanen-</span> 
     </span>
     <span class='ocr_line' id='line_1_48' title="bbox 1183 1048 1691 1083; baseline 0 -8"><span class='ocrx_word' id='word_1_153' title='bbox 1183 1049 1227 1081; x_wconf 83' lang='lat' dir='ltr'>sis,</span> <span class='ocrx_word' id='word_1_154' title='bbox 1280 1048 1499 1083; x_wconf 75' lang='lat' dir='ltr'>Tayvenfuensis,</span> <span class='ocrx_word' id='word_1_155' title='bbox 1555 1049 1691 1083; x_wconf 86' lang='lat' dir='ltr'>Teganeu-</span> 
     </span>
     <span class='ocr_line' id='line_1_49' title="bbox 1183 1084 1691 1116; baseline 0 -5"><span class='ocrx_word' id='word_1_156' title='bbox 1183 1085 1228 1116; x_wconf 92' lang='lat' dir='ltr'>sis,</span> <span class='ocrx_word' id='word_1_157' title='bbox 1252 1084 1459 1116; x_wconf 87' lang='lat' dir='ltr'>Timchevensis,</span> <span class='ocrx_word' id='word_1_158' title='bbox 1478 1084 1619 1116; x_wconf 86' lang='lat' dir='ltr'>Uhoensis‚</span> <span class='ocrx_word' id='word_1_159' title='bbox 1637 1085 1691 1111; x_wconf 93' lang='lat' dir='ltr'>Vu-</span> 
     </span>
     <span class='ocr_line' id='line_1_50' title="bbox 1183 1120 1691 1152; baseline -0.002 -5"><span class='ocrx_word' id='word_1_160' title='bbox 1183 1120 1330 1152; x_wconf 83' lang='lat' dir='ltr'>chanensis,</span> <span class='ocrx_word' id='word_1_161' title='bbox 1367 1120 1582 1151; x_wconf 86' lang='lat' dir='ltr'>Xamhainensis‚</span> <span class='ocrx_word' id='word_1_162' title='bbox 1610 1120 1691 1147; x_wconf 89' lang='lat' dir='ltr'>Yam—</span> 
     </span>
     <span class='ocr_line' id='line_1_51' title="bbox 1184 1156 1691 1191; baseline -0.002 -8"><span class='ocrx_word' id='word_1_163' title='bbox 1184 1156 1330 1188; x_wconf 83' lang='lat' dir='ltr'>chevensis,</span> <span class='ocrx_word' id='word_1_164' title='bbox 1354 1156 1542 1191; x_wconf 69' lang='lat' dir='ltr'>Yenpinensis,</span> <span class='ocrx_word' id='word_1_165' title='bbox 1566 1156 1631 1182; x_wconf 77' lang='lat' dir='ltr'>oedes</span> <span class='ocrx_word' id='word_1_166' title='bbox 1650 1164 1691 1182; x_wconf 82' lang='lat' dir='ltr'>sa-</span> 
     </span>
     <span class='ocr_line' id='line_1_52' title="bbox 1184 1192 1691 1224; baseline -0.002 -5"><span class='ocrx_word' id='word_1_167' title='bbox 1184 1201 1233 1219; x_wconf 85' lang='lat' dir='ltr'>croe</span> <span class='ocrx_word' id='word_1_168' title='bbox 1250 1192 1309 1224; x_wconf 87' lang='grc'><strong>266,</strong></span> <span class='ocrx_word' id='word_1_169' title='bbox 1328 1192 1425 1219; x_wconf 85' lang='lat' dir='ltr'>sacella</span> <span class='ocrx_word' id='word_1_170' title='bbox 1448 1192 1490 1224; x_wconf 89' lang='grc'>14,</span> <span class='ocrx_word' id='word_1_171' title='bbox 1509 1192 1626 1219; x_wconf 84' lang='lat' dir='ltr'>oratoria</span> <span class='ocrx_word' id='word_1_172' title='bbox 1643 1192 1691 1218; x_wconf 85' lang='lat' dir='ltr'>cir-</span> 
     </span>
     <span class='ocr_line' id='line_1_53' title="bbox 1185 1228 1321 1256; baseline -0.015 0"><span class='ocrx_word' id='word_1_173' title='bbox 1185 1229 1250 1256; x_wconf 86' lang='lat' dir='ltr'>citer</span> <span class='ocrx_word' id='word_1_174' title='bbox 1263 1228 1321 1255; x_wconf 86' lang='grc'><strong>290.</strong></span> 
     </span>
    </p>

    <p class='ocr_par' dir='ltr' id='par_1_27' title="bbox 1251 1263 1622 1298">
     <span class='ocr_line' id='line_1_54' title="bbox 1251 1263 1622 1298; baseline -0.003 -7"><span class='ocrx_word' id='word_1_175' title='bbox 1251 1264 1328 1298; x_wconf 86' lang='lat' dir='ltr'>(Haec</span> <span class='ocrx_word' id='word_1_176' title='bbox 1344 1263 1424 1298; x_wconf 79' lang='lat' dir='ltr'>juxta</span> <span class='ocrx_word' id='word_1_177' title='bbox 1440 1263 1622 1298; x_wconf 87' lang='lat' dir='ltr'>Juvencium).</span> 
     </span>
    </p>
   </div>
   <div class='ocr_carea' id='block_1_27' title="bbox 1170 1495 1710 1941">
    <p class='ocr_par' dir='ltr' id='par_1_28' title="bbox 1170 1495 1710 1941">
     <span class='ocr_line' id='line_1_55' title="bbox 1170 1495 1706 1537; baseline -0.004 -8"><span class='ocrx_word' id='word_1_178' title='bbox 1170 1497 1257 1529; x_wconf 87' lang='lat'>1711.</span> <span class='ocrx_word' id='word_1_179' title='bbox 1276 1497 1324 1529; x_wconf 84' lang='lat'>20.</span> <span class='ocrx_word' id='word_1_180' title='bbox 1342 1496 1372 1528; x_wconf 90' lang='lat' dir='ltr'>N</span> <span class='ocrx_word' id='word_1_181' title='bbox 1376 1506 1425 1529; x_wconf 84' lang='lat' dir='ltr'>ov,</span> <span class='ocrx_word' id='word_1_182' title='bbox 1458 1495 1507 1528; x_wconf 91' lang='lat' dir='ltr'>M.</span> <span class='ocrx_word' id='word_1_183' title='bbox 1520 1496 1598 1537; x_wconf 75' lang='lat' dir='ltr'>Any.</span> <span class='ocrx_word' id='word_1_184' title='bbox 1614 1495 1706 1528; x_wconf 80' lang='lat' dir='ltr'>Tam-</span> 
     </span>
     <span class='ocr_line' id='line_1_56' title="bbox 1191 1540 1707 1583; baseline 0 -11"><span class='ocrx_word' id='word_1_185' title='bbox 1191 1541 1295 1573; x_wconf 74' lang='lat' dir='ltr'>burim&#39;</span> <span class='ocrx_word' id='word_1_186' title='bbox 1325 1540 1507 1583; x_wconf 81' lang='lat' dir='ltr'>postulante</span> <span class='ocrx_word' id='word_1_187' title='bbox 1536 1541 1707 1582; x_wconf 85' lang='lat' dir='ltr'>Congrega-</span> 
     </span>
     <span class='ocr_line' id='line_1_57' title="bbox 1191 1585 1706 1619; baseline 0 -2"><span class='ocrx_word' id='word_1_188' title='bbox 1191 1586 1277 1618; x_wconf 83' lang='lat' dir='ltr'>tione</span> <span class='ocrx_word' id='word_1_189' title='bbox 1294 1588 1534 1619; x_wconf 64' lang='lat' dir='ltr'>procuratorum</span> <span class='ocrx_word' id='word_1_190' title='bbox 1554 1589 1631 1618; x_wconf 87' lang='lat' dir='ltr'>tunc</span> <span class='ocrx_word' id='word_1_191' title='bbox 1651 1585 1706 1617; x_wconf 57' lang='lat' dir='ltr'>har</span> 
     </span>
     <span class='ocr_line' id='line_1_58' title="bbox 1191 1630 1707 1673; baseline 0 -11"><span class='ocrx_word' id='word_1_192' title='bbox 1191 1630 1260 1662; x_wconf 90' lang='lat' dir='ltr'>bita</span> <span class='ocrx_word' id='word_1_193' title='bbox 1291 1630 1380 1662; x_wconf 86' lang='lat' dir='ltr'>dedit</span> <span class='ocrx_word' id='word_1_194' title='bbox 1407 1630 1531 1673; x_wconf 76' lang='lat' dir='ltr'>litteras</span> <span class='ocrx_word' id='word_1_195' title='bbox 1570 1630 1612 1662; x_wconf 86' lang='lat' dir='ltr'>ad</span> <span class='ocrx_word' id='word_1_196' title='bbox 1640 1631 1707 1663; x_wconf 82' lang='lat' dir='ltr'>cle-</span> 
     </span>
     <span class='ocr_line' id='line_1_59' title="bbox 1193 1675 1710 1717; baseline -0.002 -9"><span class='ocrx_word' id='word_1_197' title='bbox 1193 1677 1331 1708; x_wconf 81' lang='lat' dir='ltr'>mentem</span> <span class='ocrx_word' id='word_1_198' title='bbox 1357 1675 1428 1714; x_wconf 79' lang='lat' dir='ltr'>XL,</span> <span class='ocrx_word' id='word_1_199' title='bbox 1457 1675 1571 1717; x_wconf 89' lang='lat' dir='ltr'>quibus</span> <span class='ocrx_word' id='word_1_200' title='bbox 1599 1678 1710 1707; x_wconf 88' lang='lat' dir='ltr'>contra</span> 
     </span>
     <span class='ocr_line' id='line_1_60' title="bbox 1196 1719 1710 1752; baseline -0.002 0"><span class='ocrx_word' id='word_1_201' title='bbox 1196 1719 1447 1752; x_wconf 84' lang='lat' dir='ltr'>adversariorum</span> <span class='ocrx_word' id='word_1_202' title='bbox 1478 1719 1710 1752; x_wconf 80' lang='lat' dir='ltr'>accusationem</span> 
     </span>
     <span class='ocr_line' id='line_1_61' title="bbox 1194 1763 1709 1807; baseline -0.002 -11"><span class='ocrx_word' id='word_1_203' title='bbox 1194 1764 1294 1806; x_wconf 88' lang='lat' dir='ltr'>(quod</span> <span class='ocrx_word' id='word_1_204' title='bbox 1320 1764 1452 1798; x_wconf 79' lang='lat' dir='ltr'>Jesuitae</span> <span class='ocrx_word' id='word_1_205' title='bbox 1488 1774 1554 1807; x_wconf 84' lang='lat' dir='ltr'>prae</span> <span class='ocrx_word' id='word_1_206' title='bbox 1591 1763 1709 1797; x_wconf 87' lang='lat' dir='ltr'>caeteris</span> 
     </span>
     <span class='ocr_line' id='line_1_62' title="bbox 1194 1808 1708 1841; baseline -0.002 0"><span class='ocrx_word' id='word_1_207' title='bbox 1194 1808 1409 1841; x_wconf 83' lang='lat' dir='ltr'>inobedientes</span> <span class='ocrx_word' id='word_1_208' title='bbox 1423 1809 1486 1841; x_wconf 91' lang='lat' dir='ltr'>sint</span> <span class='ocrx_word' id='word_1_209' title='bbox 1499 1809 1708 1841; x_wconf 86' lang='lat' dir='ltr'>Constitutio-</span> 
     </span>
     <span class='ocr_line' id='line_1_63' title="bbox 1196 1853 1710 1896; baseline 0 -11"><span class='ocrx_word' id='word_1_210' title='bbox 1196 1853 1289 1886; x_wconf 91' lang='lat' dir='ltr'>nibus</span> <span class='ocrx_word' id='word_1_211' title='bbox 1302 1853 1516 1896; x_wconf 84' lang='lat' dir='ltr'>Apostolicis),</span> <span class='ocrx_word' id='word_1_212' title='bbox 1539 1854 1639 1886; x_wconf 86' lang='lat' dir='ltr'>totius</span> <span class='ocrx_word' id='word_1_213' title='bbox 1655 1854 1710 1887; x_wconf 88' lang='lat' dir='ltr'>So-</span> 
     </span>
     <span class='ocr_line' id='line_1_64' title="bbox 1197 1898 1707 1941; baseline 0 -11"><span class='ocrx_word' id='word_1_214' title='bbox 1197 1898 1321 1930; x_wconf 89' lang='lat' dir='ltr'>cietatis</span> <span class='ocrx_word' id='word_1_215' title='bbox 1336 1899 1461 1930; x_wconf 90' lang='lat' dir='ltr'>nomine</span> <span class='ocrx_word' id='word_1_216' title='bbox 1481 1898 1651 1941; x_wconf 77' lang='lat' dir='ltr'>profitetur</span> <span class='ocrx_word' id='word_1_217' title='bbox 1672 1908 1707 1930; x_wconf 83' lang='lat' dir='ltr'>ac</span> 
     </span>
    </p>
   </div>
   <div class='ocr_carea' id='block_1_28' title="bbox 1192 1942 1715 2626">
    <p class='ocr_par' dir='ltr' id='par_1_29' title="bbox 1192 1942 1715 2626">
     <span class='ocr_line' id='line_1_65' title="bbox 1196 1942 1710 1979; baseline -0.002 -5"><span class='ocrx_word' id='word_1_218' title='bbox 1196 1942 1336 1975; x_wconf 77' lang='lat' dir='ltr'>declarat</span> <span class='ocrx_word' id='word_1_219' title='bbox 1357 1947 1481 1979; x_wconf 84' lang='lat' dir='ltr'>„Sanctae</span> <span class='ocrx_word' id='word_1_220' title='bbox 1508 1947 1571 1975; x_wconf 90' lang='lat' dir='ltr'>Sedi</span> <span class='ocrx_word' id='word_1_221' title='bbox 1590 1954 1710 1974; x_wconf 83' lang='lat' dir='ltr'>reveren-</span> 
     </span>
     <span class='ocr_line' id='line_1_66' title="bbox 1193 1986 1711 2016; baseline 0 -3"><span class='ocrx_word' id='word_1_222' title='bbox 1193 1986 1324 2014; x_wconf 88' lang='lat' dir='ltr'>tissimam</span> <span class='ocrx_word' id='word_1_223' title='bbox 1333 1987 1536 2016; x_wconf 84' lang='lat' dir='ltr'>submissionem</span> <span class='ocrx_word' id='word_1_224' title='bbox 1551 1990 1579 2015; x_wconf 91' lang='lat' dir='ltr'>et</span> <span class='ocrx_word' id='word_1_225' title='bbox 1592 1988 1711 2014; x_wconf 83' lang='lat' dir='ltr'>obedien-</span> 
     </span>
     <span class='ocr_line' id='line_1_67' title="bbox 1192 2023 1712 2059; baseline -0.002 -9"><span class='ocrx_word' id='word_1_226' title='bbox 1192 2023 1257 2050; x_wconf 77' lang='lat' dir='ltr'>tiam</span> <span class='ocrx_word' id='word_1_227' title='bbox 1283 2031 1383 2051; x_wconf 75' lang='lat' dir='ltr'>coeeam</span> <span class='ocrx_word' id='word_1_228' title='bbox 1405 2024 1434 2050; x_wconf 90' lang='lat' dir='ltr'>in</span> <span class='ocrx_word' id='word_1_229' title='bbox 1465 2023 1657 2059; x_wconf 82' lang='lat' dir='ltr'>amplectendis</span> <span class='ocrx_word' id='word_1_230' title='bbox 1684 2025 1712 2049; x_wconf 85' lang='lat' dir='ltr'>et</span> 
     </span>
     <span class='ocr_line' id='line_1_68' title="bbox 1194 2059 1712 2095; baseline 0.002 -11"><span class='ocrx_word' id='word_1_231' title='bbox 1194 2059 1356 2093; x_wconf 85' lang='lat' dir='ltr'>exequendis</span> <span class='ocrx_word' id='word_1_232' title='bbox 1381 2068 1549 2095; x_wconf 65' lang='lat' dir='ltr'>quaecunque</span> <span class='ocrx_word' id='word_1_233' title='bbox 1575 2068 1624 2094; x_wconf 87' lang='lat' dir='ltr'>per</span> <span class='ocrx_word' id='word_1_234' title='bbox 1650 2066 1712 2085; x_wconf 84' lang='lat' dir='ltr'>ean-</span> 
     </span>
     <span class='ocr_line' id='line_1_69' title="bbox 1193 2093 1713 2123; baseline 0.004 -4"><span class='ocrx_word' id='word_1_235' title='bbox 1193 2093 1254 2120; x_wconf 88' lang='lat' dir='ltr'>dem</span> <span class='ocrx_word' id='word_1_236' title='bbox 1271 2095 1296 2122; x_wconf 89' lang='lat' dir='ltr'>S.</span> <span class='ocrx_word' id='word_1_237' title='bbox 1316 2095 1411 2122; x_wconf 88' lang='lat' dir='ltr'>Sedem</span> <span class='ocrx_word' id='word_1_238' title='bbox 1432 2095 1540 2123; x_wconf 84' lang='lat' dir='ltr'>decreta</span> <span class='ocrx_word' id='word_1_239' title='bbox 1560 2095 1662 2123; x_wconf 77' lang='lat' dir='ltr'>fuerint</span> <span class='ocrx_word' id='word_1_240' title='bbox 1684 2095 1713 2121; x_wconf 89' lang='lat' dir='ltr'>et</span> 
     </span>
     <span class='ocr_line' id='line_1_70' title="bbox 1194 2129 1712 2166; baseline 0.002 -10"><span class='ocrx_word' id='word_1_241' title='bbox 1194 2129 1335 2164; x_wconf 86' lang='lat' dir='ltr'>imperata,</span> <span class='ocrx_word' id='word_1_242' title='bbox 1351 2131 1437 2166; x_wconf 86' lang='lat' dir='ltr'>iisque</span> <span class='ocrx_word' id='word_1_243' title='bbox 1455 2132 1633 2166; x_wconf 84' lang='lat' dir='ltr'>potissimum,</span> <span class='ocrx_word' id='word_1_244' title='bbox 1653 2138 1712 2165; x_wconf 84' lang='lat' dir='ltr'>quae</span> 
     </span>
     <span class='ocr_line' id='line_1_71' title="bbox 1196 2165 1711 2199; baseline 0 -7"><span class='ocrx_word' id='word_1_245' title='bbox 1196 2165 1265 2192; x_wconf 86' lang='lat' dir='ltr'>circa</span> <span class='ocrx_word' id='word_1_246' title='bbox 1279 2167 1377 2195; x_wconf 82' lang='lat' dir='ltr'>sinleos</span> <span class='ocrx_word' id='word_1_247' title='bbox 1394 2169 1459 2195; x_wconf 80' lang='lat' dir='ltr'>ritus</span> <span class='ocrx_word' id='word_1_248' title='bbox 1469 2167 1543 2195; x_wconf 83' lang='lat' dir='ltr'>edita</span> <span class='ocrx_word' id='word_1_249' title='bbox 1557 2169 1630 2199; x_wconf 79' lang='lat' dir='ltr'>sunt,</span> <span class='ocrx_word' id='word_1_250' title='bbox 1652 2169 1711 2193; x_wconf 91' lang='lat' dir='ltr'>tum</span> 
     </span>
     <span class='ocr_line' id='line_1_72' title="bbox 1196 2202 1711 2236; baseline 0.004 -9"><span class='ocrx_word' id='word_1_251' title='bbox 1196 2209 1220 2228; x_wconf 83' lang='lat' dir='ltr'>a.</span> <span class='ocrx_word' id='word_1_252' title='bbox 1239 2202 1313 2229; x_wconf 90' lang='lat'>1704.</span> <span class='ocrx_word' id='word_1_253' title='bbox 1337 2203 1379 2230; x_wconf 85' lang='lat'>20.</span> <span class='ocrx_word' id='word_1_254' title='bbox 1403 2203 1484 2236; x_wconf 87' lang='lat' dir='ltr'>Nov.,</span> <span class='ocrx_word' id='word_1_255' title='bbox 1509 2206 1569 2231; x_wconf 87' lang='lat' dir='ltr'>tum</span> <span class='ocrx_word' id='word_1_256' title='bbox 1592 2211 1616 2230; x_wconf 85' lang='lat' dir='ltr'>a.</span> <span class='ocrx_word' id='word_1_257' title='bbox 1637 2202 1711 2229; x_wconf 87' lang='lat'>1710.</span> 
     </span>
     <span class='ocr_line' id='line_1_73' title="bbox 1195 2236 1712 2278; baseline 0.002 -14"><span class='ocrx_word' id='word_1_258' title='bbox 1195 2236 1237 2278; x_wconf 43' lang='grc'>25..&gt;</span> <span class='ocrx_word' id='word_1_259' title='bbox 1259 2238 1333 2272; x_wconf 88' lang='lat' dir='ltr'>Sept.</span> <span class='ocrx_word' id='word_1_260' title='bbox 1371 2239 1436 2273; x_wconf 83' lang='lat' dir='ltr'>Quae</span> <span class='ocrx_word' id='word_1_261' title='bbox 1460 2239 1568 2275; x_wconf 88' lang='lat' dir='ltr'>quidem</span> <span class='ocrx_word' id='word_1_262' title='bbox 1596 2239 1712 2269; x_wconf 87' lang='lat' dir='ltr'>decreta,</span> 
     </span>
     <span class='ocr_line' id='line_1_74' title="bbox 1195 2273 1713 2313; baseline 0 -13"><span class='ocrx_word' id='word_1_263' title='bbox 1195 2273 1278 2313; x_wconf 73' lang='lat' dir='ltr'>etnam</span> <span class='ocrx_word' id='word_1_264' title='bbox 1295 2276 1378 2308; x_wconf 86' lang='lat' dir='ltr'>prout</span> <span class='ocrx_word' id='word_1_265' title='bbox 1395 2295 1401 2302; x_wconf 96' lang='lat'>.</span> <span class='ocrx_word' id='word_1_266' title='bbox 1413 2295 1419 2302; x_wconf 88' lang='lat'>.</span> <span class='ocrx_word' id='word_1_267' title='bbox 1431 2296 1438 2303; x_wconf 91' lang='lat'>.</span> <span class='ocrx_word' id='word_1_268' title='bbox 1452 2275 1586 2310; x_wconf 84' lang='lat' dir='ltr'>explicata</span> <span class='ocrx_word' id='word_1_269' title='bbox 1602 2275 1713 2302; x_wconf 76' lang='lat' dir='ltr'>fuerunt</span> 
     </span>
     <span class='ocr_line' id='line_1_75' title="bbox 1195 2309 1513 2338; baseline 0.013 -4"><span class='ocrx_word' id='word_1_270' title='bbox 1195 2316 1224 2334; x_wconf 88' lang='lat'>111</span> <span class='ocrx_word' id='word_1_271' title='bbox 1240 2309 1338 2337; x_wconf 72' lang='lat' dir='ltr'>litteris</span> <span class='ocrx_word' id='word_1_272' title='bbox 1358 2331 1365 2338; x_wconf 91' lang='lat'>.</span> <span class='ocrx_word' id='word_1_273' title='bbox 1380 2331 1386 2337; x_wconf 92' lang='lat'>.</span> <span class='ocrx_word' id='word_1_274' title='bbox 1401 2331 1407 2338; x_wconf 93' lang='lat'>.</span> <span class='ocrx_word' id='word_1_275' title='bbox 1427 2311 1513 2338; x_wconf 87' lang='lat' dir='ltr'>eidem</span> 
     </span>
     <span class='ocr_line' id='line_1_76' title="bbox 1196 2345 1713 2380; baseline 0.004 -10"><span class='ocrx_word' id='word_1_276' title='bbox 1196 2345 1302 2380; x_wconf 81' lang='lat' dir='ltr'>scriptis</span> <span class='ocrx_word' id='word_1_277' title='bbox 1321 2354 1345 2374; x_wconf 90' lang='lat' dir='ltr'>a.</span> <span class='ocrx_word' id='word_1_278' title='bbox 1371 2367 1378 2374; x_wconf 95' lang='lat'>.</span> <span class='ocrx_word' id='word_1_279' title='bbox 1393 2367 1399 2374; x_wconf 95' lang='lat'>.</span> <span class='ocrx_word' id='word_1_280' title='bbox 1415 2367 1421 2374; x_wconf 94' lang='lat'>.</span> <span class='ocrx_word' id='word_1_281' title='bbox 1441 2347 1501 2374; x_wconf 88' lang='lat' dir='ltr'>RR.</span> <span class='ocrx_word' id='word_1_282' title='bbox 1521 2347 1554 2374; x_wconf 92' lang='lat' dir='ltr'>D.</span> <span class='ocrx_word' id='word_1_283' title='bbox 1575 2347 1713 2374; x_wconf 83' lang='lat' dir='ltr'>Assessore</span> 
     </span>
     <span class='ocr_line' id='line_1_77' title="bbox 1195 2380 1714 2410; baseline 0.002 -3"><span class='ocrx_word' id='word_1_284' title='bbox 1195 2380 1221 2408; x_wconf 91' lang='lat' dir='ltr'>S.</span> <span class='ocrx_word' id='word_1_285' title='bbox 1249 2381 1340 2409; x_wconf 76' lang='lat' dir='ltr'>Officii</span> <span class='ocrx_word' id='word_1_286' title='bbox 1362 2382 1413 2409; x_wconf 88' lang='lat' dir='ltr'>sub</span> <span class='ocrx_word' id='word_1_287' title='bbox 1437 2383 1479 2410; x_wconf 88' lang='lat' dir='ltr'>die</span> <span class='ocrx_word' id='word_1_288' title='bbox 1501 2383 1541 2410; x_wconf 86' lang='lat'>11.</span> <span class='ocrx_word' id='word_1_289' title='bbox 1561 2383 1621 2410; x_wconf 85' lang='lat' dir='ltr'>Oct.</span> <span class='ocrx_word' id='word_1_290' title='bbox 1647 2382 1714 2409; x_wconf 90' lang='lat'>1710</span> 
     </span>
     <span class='ocr_line' id='line_1_78' title="bbox 1197 2417 1713 2450; baseline 0.002 -7"><span class='ocrx_word' id='word_1_291' title='bbox 1197 2417 1354 2445; x_wconf 85' lang='lat' dir='ltr'>inconcusse</span> <span class='ocrx_word' id='word_1_292' title='bbox 1381 2419 1410 2445; x_wconf 79' lang='lat' dir='ltr'>et</span> <span class='ocrx_word' id='word_1_293' title='bbox 1435 2418 1633 2450; x_wconf 82' lang='lat' dir='ltr'>inviolabiliter,</span> <span class='ocrx_word' id='word_1_294' title='bbox 1663 2417 1713 2444; x_wconf 89' lang='lat' dir='ltr'>sub</span> 
     </span>
     <span class='ocr_line' id='line_1_79' title="bbox 1195 2453 1714 2489; baseline 0.002 -10"><span class='ocrx_word' id='word_1_295' title='bbox 1195 2453 1313 2481; x_wconf 80' lang='lat' dir='ltr'>censuris</span> <span class='ocrx_word' id='word_1_296' title='bbox 1335 2456 1363 2481; x_wconf 89' lang='lat' dir='ltr'>et</span> <span class='ocrx_word' id='word_1_297' title='bbox 1388 2455 1475 2489; x_wconf 88' lang='lat' dir='ltr'>poenis</span> <span class='ocrx_word' id='word_1_298' title='bbox 1490 2454 1590 2481; x_wconf 88' lang='lat' dir='ltr'>ibidem</span> <span class='ocrx_word' id='word_1_299' title='bbox 1608 2461 1714 2487; x_wconf 86' lang='lat' dir='ltr'>expres-</span> 
     </span>
     <span class='ocr_line' id='line_1_80' title="bbox 1194 2489 1715 2520; baseline 0 -5"><span class='ocrx_word' id='word_1_300' title='bbox 1194 2489 1239 2520; x_wconf 85' lang='lat' dir='ltr'>sis,</span> <span class='ocrx_word' id='word_1_301' title='bbox 1259 2510 1283 2516; x_wconf 95' lang='lat'>..</span> <span class='ocrx_word' id='word_1_302' title='bbox 1296 2510 1302 2516; x_wconf 93' lang='lat'>.</span> <span class='ocrx_word' id='word_1_303' title='bbox 1329 2489 1381 2517; x_wconf 89' lang='lat' dir='ltr'>sibi</span> <span class='ocrx_word' id='word_1_304' title='bbox 1403 2490 1439 2517; x_wconf 81' lang='lat' dir='ltr'>ad</span> <span class='ocrx_word' id='word_1_305' title='bbox 1468 2490 1594 2517; x_wconf 82' lang='lat' dir='ltr'>amussim</span> <span class='ocrx_word' id='word_1_306' title='bbox 1627 2489 1715 2516; x_wconf 84' lang='lat' dir='ltr'>obser-</span> 
     </span>
     <span class='ocr_line' id='line_1_81' title="bbox 1199 2525 1714 2561; baseline -0.002 -9"><span class='ocrx_word' id='word_1_307' title='bbox 1199 2525 1290 2552; x_wconf 83' lang='lat' dir='ltr'>vanda</span> <span class='ocrx_word' id='word_1_308' title='bbox 1301 2527 1330 2553; x_wconf 84' lang='lat' dir='ltr'>et</span> <span class='ocrx_word' id='word_1_309' title='bbox 1341 2526 1498 2561; x_wconf 82' lang='lat' dir='ltr'>exequenda</span> <span class='ocrx_word' id='word_1_310' title='bbox 1505 2527 1602 2560; x_wconf 78' lang='lat' dir='ltr'>sponte</span> <span class='ocrx_word' id='word_1_311' title='bbox 1608 2527 1637 2553; x_wconf 86' lang='lat' dir='ltr'>et</span> <span class='ocrx_word' id='word_1_312' title='bbox 1644 2525 1714 2552; x_wconf 88' lang='lat' dir='ltr'>ultro</span> 
     </span>
     <span class='ocr_line' id='line_1_82' title="bbox 1200 2560 1714 2601; baseline 0.002 -14"><span class='ocrx_word' id='word_1_313' title='bbox 1200 2560 1324 2601; x_wconf 78' lang='lat' dir='ltr'>admittit</span> <span class='ocrx_word' id='word_1_314' title='bbox 1347 2563 1377 2588; x_wconf 89' lang='lat' dir='ltr'>et</span> <span class='ocrx_word' id='word_1_315' title='bbox 1400 2562 1573 2597; x_wconf 73' lang='lat' dir='ltr'>amplectitur</span> <span class='ocrx_word' id='word_1_316' title='bbox 1596 2560 1714 2589; x_wconf 79' lang='lat' dir='ltr'>Societas</span> 
     </span>
     <span class='ocr_line' id='line_1_83' title="bbox 1199 2599 1399 2626; baseline 0.01 -3"><span class='ocrx_word' id='word_1_317' title='bbox 1199 2599 1342 2624; x_wconf 78' lang='lat' dir='ltr'>universa“</span> <span class='ocrx_word' id='word_1_318' title='bbox 1354 2617 1361 2626; x_wconf 84' lang='lat'>.</span> <span class='ocrx_word' id='word_1_319' title='bbox 1373 2617 1380 2625; x_wconf 84' lang='lat'>.</span> <span class='ocrx_word' id='word_1_320' title='bbox 1392 2618 1399 2625; x_wconf 90' lang='lat'>.</span> 
     </span>
    </p>
   </div>
   <div class='ocr_carea' id='block_1_29' title="bbox 1534 2309 1714 2339">
    <p class='ocr_par' dir='ltr' id='par_1_30' title="bbox 1534 2309 1714 2339">
     <span class='ocr_line' id='line_1_84' title="bbox 1534 2309 1714 2339; baseline -0.011 -1"><span class='ocrx_word' id='word_1_321' title='bbox 1534 2332 1540 2338; x_wconf 92' lang='lat'>.</span> <span class='ocrx_word' id='word_1_322' title='bbox 1552 2332 1558 2339; x_wconf 98' lang='lat'>.</span> <span class='ocrx_word' id='word_1_323' title='bbox 1571 2332 1577 2338; x_wconf 98' lang='lat'>.</span> <span class='ocrx_word' id='word_1_324' title='bbox 1591 2309 1714 2338; x_wconf 86' lang='lat' dir='ltr'>Generali</span> 
     </span>
    </p>
   </div>
   <div class='ocr_carea' id='block_1_30' title="bbox 1420 3113 1480 3145">
    <p class='ocr_par' dir='ltr' id='par_1_31' title="bbox 1420 3113 1480 3145">
     <span class='ocr_line' id='line_1_85' title="bbox 1420 3113 1480 3145; baseline 0.017 -1"><span class='ocrx_word' id='word_1_325' title='bbox 1420 3113 1480 3145; x_wconf 85' lang='grc'>276</span> 
     </span>
    </p>
   </div>
   <div class='ocr_carea' id='block_1_31' title="bbox 2244 388 2267 397">
    <p class='ocr_par' dir='ltr' id='par_1_32' title="bbox 2244 388 2267 397">
     <span class='ocr_line' id='line_1_86' title="bbox 2244 388 2267 397; baseline 0 0"><span class='ocrx_word' id='word_1_326' title='bbox 2244 388 2267 397; x_wconf 53' lang='lat' dir='ltr'>a</span> 
     </span>
    </p>
   </div>
   <div class='ocr_carea' id='block_1_32' title="bbox 1734 442 2279 741">
    <p class='ocr_par' dir='ltr' id='par_1_33' title="bbox 1734 442 2279 741">
     <span class='ocr_line' id='line_1_87' title="bbox 1734 442 2276 484; baseline 0 -10"><span class='ocrx_word' id='word_1_327' title='bbox 1734 443 1812 474; x_wconf 91' lang='lat'>1711</span> <span class='ocrx_word' id='word_1_328' title='bbox 1847 442 1995 474; x_wconf 73' lang='lat' dir='ltr'>Panormi</span> <span class='ocrx_word' id='word_1_329' title='bbox 2028 442 2167 484; x_wconf 86' lang='lat' dir='ltr'>aperitur</span> <span class='ocrx_word' id='word_1_330' title='bbox 2198 444 2276 475; x_wconf 87' lang='lat' dir='ltr'>Dex.</span> 
     </span>
     <span class='ocr_line' id='line_1_88' title="bbox 1754 486 2276 519; baseline 0 0"><span class='ocrx_word' id='word_1_331' title='bbox 1754 487 1801 519; x_wconf 88' lang='lat'>13.</span> <span class='ocrx_word' id='word_1_332' title='bbox 1819 487 1906 519; x_wconf 80' lang='lat' dir='ltr'>Junii</span> <span class='ocrx_word' id='word_1_333' title='bbox 1922 497 1992 519; x_wconf 88' lang='lat' dir='ltr'>cum</span> <span class='ocrx_word' id='word_1_334' title='bbox 2009 486 2163 519; x_wconf 82' lang='lat' dir='ltr'>exercitiis</span> <span class='ocrx_word' id='word_1_335' title='bbox 2179 497 2276 519; x_wconf 86' lang='lat' dir='ltr'>sacer-</span> 
     </span>
     <span class='ocr_line' id='line_1_89' title="bbox 1754 531 2277 571; baseline 0 -8"><span class='ocrx_word' id='word_1_336' title='bbox 1754 531 1864 564; x_wconf 86' lang='lat' dir='ltr'>dotum</span> <span class='ocrx_word' id='word_1_337' title='bbox 1875 531 1908 563; x_wconf 88' lang='lat' dir='ltr'>in</span> <span class='ocrx_word' id='word_1_338' title='bbox 1921 531 2077 563; x_wconf 87' lang='lat' dir='ltr'>communi</span> <span class='ocrx_word' id='word_1_339' title='bbox 2089 531 2277 571; x_wconf 83' lang='lat' dir='ltr'>viventium,</span> 
     </span>
     <span class='ocr_line' id='line_1_90' title="bbox 1754 575 2276 617; baseline 0.002 -10"><span class='ocrx_word' id='word_1_340' title='bbox 1754 586 1831 617; x_wconf 88' lang='lat' dir='ltr'>quos</span> <span class='ocrx_word' id='word_1_341' title='bbox 1851 576 1950 608; x_wconf 86' lang='lat' dir='ltr'>secuti</span> <span class='ocrx_word' id='word_1_342' title='bbox 1970 579 2044 608; x_wconf 89' lang='lat' dir='ltr'>sunt</span> <span class='ocrx_word' id='word_1_343' title='bbox 2064 575 2204 614; x_wconf 84' lang='lat' dir='ltr'>abbates,</span> <span class='ocrx_word' id='word_1_344' title='bbox 2227 586 2276 608; x_wconf 89' lang='lat' dir='ltr'>ca-</span> 
     </span>
     <span class='ocr_line' id='line_1_91' title="bbox 1753 620 2279 659; baseline 0 -7"><span class='ocrx_word' id='word_1_345' title='bbox 1753 620 1866 659; x_wconf 89' lang='lat' dir='ltr'>nonici,</span> <span class='ocrx_word' id='word_1_346' title='bbox 1878 620 1997 652; x_wconf 88' lang='lat' dir='ltr'>nobiles</span> <span class='ocrx_word' id='word_1_347' title='bbox 2009 624 2042 652; x_wconf 89' lang='lat' dir='ltr'>et</span> <span class='ocrx_word' id='word_1_348' title='bbox 2052 620 2106 652; x_wconf 82' lang='lat' dir='ltr'>alii</span> <span class='ocrx_word' id='word_1_349' title='bbox 2116 620 2218 659; x_wconf 89' lang='lat' dir='ltr'>multi,</span> <span class='ocrx_word' id='word_1_350' title='bbox 2231 620 2279 652; x_wconf 92' lang='lat' dir='ltr'>ita</span> 
     </span>
     <span class='ocr_line' id='line_1_92' title="bbox 1754 664 2278 706; baseline 0.002 -10"><span class='ocrx_word' id='word_1_351' title='bbox 1754 668 1790 697; x_wconf 90' lang='lat' dir='ltr'>ut</span> <span class='ocrx_word' id='word_1_352' title='bbox 1798 664 1857 696; x_wconf 91' lang='lat' dir='ltr'>hoc</span> <span class='ocrx_word' id='word_1_353' title='bbox 1867 675 1949 697; x_wconf 89' lang='lat' dir='ltr'>anno</span> <span class='ocrx_word' id='word_1_354' title='bbox 1958 664 2024 706; x_wconf 84' lang='lat' dir='ltr'>jam</span> <span class='ocrx_word' id='word_1_355' title='bbox 2033 665 2053 696; x_wconf 90' lang='lat'>4</span> <span class='ocrx_word' id='word_1_356' title='bbox 2062 664 2182 697; x_wconf 83' lang='lat' dir='ltr'>vicibus</span> <span class='ocrx_word' id='word_1_357' title='bbox 2192 674 2278 697; x_wconf 88' lang='lat' dir='ltr'>sacer</span> 
     </span>
     <span class='ocr_line' id='line_1_93' title="bbox 1754 709 2084 741; baseline 0 0"><span class='ocrx_word' id='word_1_358' title='bbox 1754 719 1888 741; x_wconf 87' lang='lat' dir='ltr'>recessus</span> <span class='ocrx_word' id='word_1_359' title='bbox 1910 709 1952 741; x_wconf 90' lang='lat' dir='ltr'>sit</span> <span class='ocrx_word' id='word_1_360' title='bbox 1972 709 2084 741; x_wconf 76' lang='lat' dir='ltr'>iactus.</span> 
     </span>
    </p>
   </div>
   <div class='ocr_carea' id='block_1_33' title="bbox 1736 842 2278 928">
    <p class='ocr_par' dir='ltr' id='par_1_34' title="bbox 1736 842 2278 928">
     <span class='ocr_line' id='line_1_94' title="bbox 1736 842 2278 884; baseline 0.002 -10"><span class='ocrx_word' id='word_1_361' title='bbox 1736 843 1813 874; x_wconf 84' lang='lat'>1712</span> <span class='ocrx_word' id='word_1_362' title='bbox 1845 844 1874 875; x_wconf 82' lang='lat' dir='ltr'>J.</span> <span class='ocrx_word' id='word_1_363' title='bbox 1900 844 1936 875; x_wconf 89' lang='lat' dir='ltr'>B.</span> <span class='ocrx_word' id='word_1_364' title='bbox 1963 844 2150 874; x_wconf 85' lang='lat' dir='ltr'>Ptolomaeus</span> <span class='ocrx_word' id='word_1_365' title='bbox 2177 842 2278 884; x_wconf 91' lang='lat' dir='ltr'>(Tolo-</span> 
     </span>
     <span class='ocr_line' id='line_1_95' title="bbox 1756 887 2079 928; baseline 0.003 -10"><span class='ocrx_word' id='word_1_366' title='bbox 1756 887 1830 928; x_wconf 89' lang='lat' dir='ltr'>mei)</span> <span class='ocrx_word' id='word_1_367' title='bbox 1844 887 1884 919; x_wconf 84' lang='lat' dir='ltr'>fit</span> <span class='ocrx_word' id='word_1_368' title='bbox 1898 887 2079 919; x_wconf 88' lang='lat' dir='ltr'>Cardinalis.</span> 
     </span>
    </p>
   </div>
   <div class='ocr_carea' id='block_1_34' title="bbox 1736 1065 2283 1683">
    <p class='ocr_par' dir='ltr' id='par_1_35' title="bbox 1736 1065 2283 1683">
     <span class='ocr_line' id='line_1_96' title="bbox 1736 1065 2279 1104; baseline -0.002 -6"><span class='ocrx_word' id='word_1_369' title='bbox 1736 1066 1813 1098; x_wconf 83' lang='lat'>1712</span> <span class='ocrx_word' id='word_1_370' title='bbox 1828 1084 1866 1087; x_wconf 88' lang='lat'>——</span> <span class='ocrx_word' id='word_1_371' title='bbox 1880 1065 1958 1097; x_wconf 84' lang='lat'>1715</span> <span class='ocrx_word' id='word_1_372' title='bbox 1991 1065 2206 1104; x_wconf 74' lang='lat' dir='ltr'>Interdictum,</span> <span class='ocrx_word' id='word_1_373' title='bbox 2240 1065 2279 1097; x_wconf 90' lang='lat' dir='ltr'>ob</span> 
     </span>
     <span class='ocr_line' id='line_1_97' title="bbox 1756 1109 2281 1151; baseline -0.002 -9"><span class='ocrx_word' id='word_1_374' title='bbox 1756 1113 1908 1151; x_wconf 83' lang='lat' dir='ltr'>usurpata</span> <span class='ocrx_word' id='word_1_375' title='bbox 1930 1119 1986 1151; x_wconf 88' lang='lat' dir='ltr'>per</span> <span class='ocrx_word' id='word_1_376' title='bbox 2009 1109 2193 1151; x_wconf 87' lang='lat' dir='ltr'>gubernium</span> <span class='ocrx_word' id='word_1_377' title='bbox 2217 1110 2281 1151; x_wconf 87' lang='lat' dir='ltr'>pri-</span> 
     </span>
     <span class='ocr_line' id='line_1_98' title="bbox 1756 1153 2281 1196; baseline 0 -10"><span class='ocrx_word' id='word_1_378' title='bbox 1756 1154 1869 1196; x_wconf 82' lang='lat' dir='ltr'>vilegia</span> <span class='ocrx_word' id='word_1_379' title='bbox 1906 1153 2122 1193; x_wconf 83' lang='lat' dir='ltr'>ecclesiastica,</span> <span class='ocrx_word' id='word_1_380' title='bbox 2160 1154 2194 1186; x_wconf 90' lang='lat' dir='ltr'>in</span> <span class='ocrx_word' id='word_1_381' title='bbox 2230 1154 2281 1186; x_wconf 72' lang='lat' dir='ltr'>Si-</span> 
     </span>
     <span class='ocr_line' id='line_1_99' title="bbox 1757 1198 2280 1241; baseline -0.004 -9"><span class='ocrx_word' id='word_1_382' title='bbox 1757 1199 1830 1232; x_wconf 72' lang='lat' dir='ltr'>cilia</span> <span class='ocrx_word' id='word_1_383' title='bbox 1865 1198 2107 1241; x_wconf 84' lang='lat' dir='ltr'>promulgatum,</span> <span class='ocrx_word' id='word_1_384' title='bbox 2144 1198 2280 1240; x_wconf 88' lang='lat' dir='ltr'>primum</span> 
     </span>
     <span class='ocr_line' id='line_1_100' title="bbox 1756 1243 2281 1285; baseline -0.002 -9"><span class='ocrx_word' id='word_1_385' title='bbox 1756 1244 1818 1276; x_wconf 75' lang='lat' dir='ltr'>fuit</span> <span class='ocrx_word' id='word_1_386' title='bbox 1833 1243 2008 1285; x_wconf 86' lang='lat' dir='ltr'>neglectum</span> <span class='ocrx_word' id='word_1_387' title='bbox 2018 1243 2182 1282; x_wconf 84' lang='lat' dir='ltr'>aJesuitis,</span> <span class='ocrx_word' id='word_1_388' title='bbox 2195 1246 2281 1285; x_wconf 90' lang='lat' dir='ltr'>post-</span> 
     </span>
     <span class='ocr_line' id='line_1_101' title="bbox 1757 1288 2282 1330; baseline -0.002 -9"><span class='ocrx_word' id='word_1_389' title='bbox 1757 1299 1794 1321; x_wconf 86' lang='lat' dir='ltr'>ea</span> <span class='ocrx_word' id='word_1_390' title='bbox 1824 1288 1963 1320; x_wconf 86' lang='lat' dir='ltr'>instante</span> <span class='ocrx_word' id='word_1_391' title='bbox 1988 1288 2078 1329; x_wconf 85' lang='lat' dir='ltr'>Papa</span> <span class='ocrx_word' id='word_1_392' title='bbox 2102 1291 2135 1320; x_wconf 92' lang='lat' dir='ltr'>et</span> <span class='ocrx_word' id='word_1_393' title='bbox 2159 1288 2282 1330; x_wconf 89' lang='lat' dir='ltr'>Superi-</span> 
     </span>
     <span class='ocr_line' id='line_1_102' title="bbox 1758 1332 2282 1374; baseline -0.004 -8"><span class='ocrx_word' id='word_1_394' title='bbox 1758 1333 1872 1371; x_wconf 87' lang='lat' dir='ltr'>oribus,</span> <span class='ocrx_word' id='word_1_395' title='bbox 1900 1332 2093 1365; x_wconf 81' lang='lat' dir='ltr'>observatur.</span> <span class='ocrx_word' id='word_1_396' title='bbox 2140 1332 2202 1364; x_wconf 86' lang='lat' dir='ltr'>Sed</span> <span class='ocrx_word' id='word_1_397' title='bbox 2226 1342 2282 1374; x_wconf 87' lang='lat' dir='ltr'>gu-</span> 
     </span>
     <span class='ocr_line' id='line_1_103' title="bbox 1757 1377 2283 1419; baseline -0.002 -9"><span class='ocrx_word' id='word_1_398' title='bbox 1757 1377 1899 1410; x_wconf 89' lang='lat' dir='ltr'>bernium</span> <span class='ocrx_word' id='word_1_399' title='bbox 1939 1380 2111 1419; x_wconf 87' lang='lat' dir='ltr'>proventus</span> <span class='ocrx_word' id='word_1_400' title='bbox 2151 1377 2283 1409; x_wconf 89' lang='lat' dir='ltr'>retinuit</span> 
     </span>
     <span class='ocr_line' id='line_1_104' title="bbox 1758 1421 2283 1455; baseline -0.004 0"><span class='ocrx_word' id='word_1_401' title='bbox 1758 1422 1899 1455; x_wconf 88' lang='lat' dir='ltr'>omnium</span> <span class='ocrx_word' id='word_1_402' title='bbox 1916 1423 1954 1454; x_wconf 91' lang='lat' dir='ltr'>D.</span> <span class='ocrx_word' id='word_1_403' title='bbox 1971 1421 2120 1453; x_wconf 89' lang='lat' dir='ltr'>Panormi</span> <span class='ocrx_word' id='word_1_404' title='bbox 2137 1424 2170 1453; x_wconf 92' lang='lat' dir='ltr'>et</span> <span class='ocrx_word' id='word_1_405' title='bbox 2187 1422 2218 1454; x_wconf 84' lang='lat'>0.</span> <span class='ocrx_word' id='word_1_406' title='bbox 2236 1421 2283 1454; x_wconf 89' lang='lat' dir='ltr'>Si-</span> 
     </span>
     <span class='ocr_line' id='line_1_105' title="bbox 1757 1465 2283 1507; baseline -0.002 -8"><span class='ocrx_word' id='word_1_407' title='bbox 1757 1467 1835 1499; x_wconf 82' lang='lat' dir='ltr'>ciliae</span> <span class='ocrx_word' id='word_1_408' title='bbox 1850 1466 1928 1498; x_wconf 89' lang='lat' dir='ltr'>etin</span> <span class='ocrx_word' id='word_1_409' title='bbox 1945 1466 2072 1498; x_wconf 78' lang='lat' dir='ltr'>exilium</span> <span class='ocrx_word' id='word_1_410' title='bbox 2087 1465 2174 1498; x_wconf 87' lang='lat' dir='ltr'>misit</span> <span class='ocrx_word' id='word_1_411' title='bbox 2187 1465 2283 1507; x_wconf 91' lang='lat' dir='ltr'>pluri-</span> 
     </span>
     <span class='ocr_line' id='line_1_106' title="bbox 1757 1510 2283 1552; baseline -0.004 -8"><span class='ocrx_word' id='word_1_412' title='bbox 1757 1522 1825 1544; x_wconf 88' lang='lat' dir='ltr'>mos</span> <span class='ocrx_word' id='word_1_413' title='bbox 1840 1511 1944 1543; x_wconf 87' lang='lat' dir='ltr'>Socios</span> <span class='ocrx_word' id='word_1_414' title='bbox 1960 1510 2074 1552; x_wconf 91' lang='lat' dir='ltr'>(quiin</span> <span class='ocrx_word' id='word_1_415' title='bbox 2089 1510 2167 1542; x_wconf 89' lang='lat' dir='ltr'>alias</span> <span class='ocrx_word' id='word_1_416' title='bbox 2183 1510 2283 1543; x_wconf 84' lang='lat' dir='ltr'>Italiae</span> 
     </span>
     <span class='ocr_line' id='line_1_107' title="bbox 1758 1555 2282 1597; baseline -0.004 -9"><span class='ocrx_word' id='word_1_417' title='bbox 1758 1558 1808 1589; x_wconf 79' lang='lat' dir='ltr'>Pr.</span> <span class='ocrx_word' id='word_1_418' title='bbox 1842 1555 2039 1597; x_wconf 85' lang='lat' dir='ltr'>migrarunt).</span> <span class='ocrx_word' id='word_1_419' title='bbox 2097 1555 2175 1587; x_wconf 89' lang='grc'><strong>1719</strong></span> <span class='ocrx_word' id='word_1_420' title='bbox 2211 1565 2282 1587; x_wconf 89' lang='lat' dir='ltr'>cum</span> 
     </span>
     <span class='ocr_line' id='line_1_108' title="bbox 1758 1599 2283 1641; baseline -0.004 -8"><span class='ocrx_word' id='word_1_421' title='bbox 1758 1600 1860 1633; x_wconf 90' lang='lat' dir='ltr'>insula</span> <span class='ocrx_word' id='word_1_422' title='bbox 1880 1600 1914 1631; x_wconf 90' lang='lat' dir='ltr'>in</span> <span class='ocrx_word' id='word_1_423' title='bbox 1935 1599 2071 1631; x_wconf 85' lang='lat' dir='ltr'>Austriae</span> <span class='ocrx_word' id='word_1_424' title='bbox 2092 1602 2283 1641; x_wconf 88' lang='lat' dir='ltr'>potestatem</span> 
     </span>
     <span class='ocr_line' id='line_1_109' title="bbox 1759 1643 2282 1683; baseline -0.006 -5"><span class='ocrx_word' id='word_1_425' title='bbox 1759 1645 1855 1683; x_wconf 84' lang='lat' dir='ltr'>venit,</span> <span class='ocrx_word' id='word_1_426' title='bbox 1872 1644 1910 1676; x_wconf 89' lang='lat' dir='ltr'>iis</span> <span class='ocrx_word' id='word_1_427' title='bbox 1924 1644 2038 1676; x_wconf 89' lang='lat' dir='ltr'>iterum</span> <span class='ocrx_word' id='word_1_428' title='bbox 2053 1644 2168 1676; x_wconf 88' lang='lat' dir='ltr'>reverti</span> <span class='ocrx_word' id='word_1_429' title='bbox 2181 1643 2282 1676; x_wconf 88' lang='lat' dir='ltr'>licuit.</span> 
     </span>
    </p>
   </div>
   <div class='ocr_carea' id='block_1_35' title="bbox 1741 1821 2285 1945">
    <p class='ocr_par' dir='ltr' id='par_1_36' title="bbox 1741 1821 2285 1945">
     <span class='ocr_line' id='line_1_110' title="bbox 1741 1821 2285 1856; baseline -0.004 0"><span class='ocrx_word' id='word_1_430' title='bbox 1741 1823 1828 1856; x_wconf 87' lang='lat'>1713.</span> <span class='ocrx_word' id='word_1_431' title='bbox 1843 1823 1891 1855; x_wconf 82' lang='lat'>22.</span> <span class='ocrx_word' id='word_1_432' title='bbox 1905 1822 1980 1855; x_wconf 89' lang='lat' dir='ltr'>Feb.</span> <span class='ocrx_word' id='word_1_433' title='bbox 1996 1821 2142 1854; x_wconf 88' lang='lat' dir='ltr'>Juvencii</span> <span class='ocrx_word' id='word_1_434' title='bbox 2153 1821 2285 1854; x_wconf 89' lang='lat' dir='ltr'>historia</span> 
     </span>
     <span class='ocr_line' id='line_1_111' title="bbox 1760 1866 2284 1909; baseline -0.004 -9"><span class='ocrx_word' id='word_1_435' title='bbox 1760 1869 1791 1900; x_wconf 88' lang='lat' dir='ltr'>S.</span> <span class='ocrx_word' id='word_1_436' title='bbox 1805 1868 1835 1900; x_wconf 80' lang='lat' dir='ltr'>J.</span> <span class='ocrx_word' id='word_1_437' title='bbox 1850 1878 1869 1899; x_wconf 91' lang='lat' dir='ltr'>a</span> <span class='ocrx_word' id='word_1_438' title='bbox 1880 1867 2076 1909; x_wconf 89' lang='lat' dir='ltr'>parlamento</span> <span class='ocrx_word' id='word_1_439' title='bbox 2088 1866 2199 1909; x_wconf 83' lang='lat' dir='ltr'>gallico</span> <span class='ocrx_word' id='word_1_440' title='bbox 2213 1876 2284 1899; x_wconf 90' lang='lat' dir='ltr'>con-</span> 
     </span>
     <span class='ocr_line' id='line_1_112' title="bbox 1761 1913 1938 1945; baseline -0.006 0"><span class='ocrx_word' id='word_1_441' title='bbox 1761 1913 1938 1945; x_wconf 88' lang='lat' dir='ltr'>demnatur.</span> 
     </span>
    </p>
   </div>
   <div class='ocr_carea' id='block_1_36' title="bbox 1731 1999 2285 2264">
    <p class='ocr_par' dir='ltr' id='par_1_37' title="bbox 1731 1999 2285 2264">
     <span class='ocr_line' id='line_1_113' title="bbox 1731 1999 2283 2041; baseline -0.005 -7"><span class='ocrx_word' id='word_1_442' title='bbox 1731 2002 1804 2034; x_wconf 87' lang='lat' dir='ltr'>Jam</span> <span class='ocrx_word' id='word_1_443' title='bbox 1829 2001 1869 2033; x_wconf 90' lang='lat' dir='ltr'>ab</span> <span class='ocrx_word' id='word_1_444' title='bbox 1897 2010 1979 2033; x_wconf 88' lang='lat' dir='ltr'>anno</span> <span class='ocrx_word' id='word_1_445' title='bbox 2004 2000 2081 2032; x_wconf 88' lang='lat'>1711</span> <span class='ocrx_word' id='word_1_446' title='bbox 2104 1999 2283 2041; x_wconf 82' lang='lat' dir='ltr'>archiepisc.</span> 
     </span>
     <span class='ocr_line' id='line_1_114' title="bbox 1766 2044 2285 2078; baseline -0.004 0"><span class='ocrx_word' id='word_1_447' title='bbox 1766 2045 1864 2078; x_wconf 89' lang='lat' dir='ltr'>Paris.</span> <span class='ocrx_word' id='word_1_448' title='bbox 1903 2045 1993 2077; x_wconf 75' lang='lat' dir='ltr'>Card.</span> <span class='ocrx_word' id='word_1_449' title='bbox 2033 2045 2072 2077; x_wconf 89' lang='lat' dir='ltr'>de</span> <span class='ocrx_word' id='word_1_450' title='bbox 2089 2044 2224 2076; x_wconf 87' lang='lat' dir='ltr'>Noailles</span> <span class='ocrx_word' id='word_1_451' title='bbox 2240 2044 2285 2076; x_wconf 88' lang='lat' dir='ltr'>af-</span> 
     </span>
     <span class='ocr_line' id='line_1_115' title="bbox 1760 2088 2285 2130; baseline -0.002 -8"><span class='ocrx_word' id='word_1_452' title='bbox 1760 2090 1844 2122; x_wconf 83' lang='lat' dir='ltr'>flixit</span> <span class='ocrx_word' id='word_1_453' title='bbox 1888 2089 2025 2122; x_wconf 80' lang='lat' dir='ltr'>Jesuitas</span> <span class='ocrx_word' id='word_1_454' title='bbox 2074 2088 2116 2121; x_wconf 87' lang='lat' dir='ltr'>ad</span> <span class='ocrx_word' id='word_1_455' title='bbox 2161 2092 2285 2130; x_wconf 83' lang='lat' dir='ltr'>tempus</span> 
     </span>
     <span class='ocr_line' id='line_1_116' title="bbox 1757 2133 2285 2167; baseline -0.004 0"><span class='ocrx_word' id='word_1_456' title='bbox 1757 2134 1932 2167; x_wconf 86' lang='lat' dir='ltr'>revocando</span> <span class='ocrx_word' id='word_1_457' title='bbox 1967 2133 2134 2166; x_wconf 78' lang='lat' dir='ltr'>facultates</span> <span class='ocrx_word' id='word_1_458' title='bbox 2168 2133 2285 2165; x_wconf 80' lang='lat' dir='ltr'>confes-</span> 
     </span>
     <span class='ocr_line' id='line_1_117' title="bbox 1762 2177 2284 2219; baseline -0.004 -7"><span class='ocrx_word' id='word_1_459' title='bbox 1762 2179 1864 2212; x_wconf 88' lang='lat' dir='ltr'>siones</span> <span class='ocrx_word' id='word_1_460' title='bbox 1881 2178 2029 2211; x_wconf 87' lang='lat' dir='ltr'>audiendi</span> <span class='ocrx_word' id='word_1_461' title='bbox 2045 2177 2196 2219; x_wconf 83' lang='lat' dir='ltr'>(exceptis</span> <span class='ocrx_word' id='word_1_462' title='bbox 2212 2187 2284 2210; x_wconf 89' lang='lat' dir='ltr'>con-</span> 
     </span>
     <span class='ocr_line' id='line_1_118' title="bbox 1760 2221 2160 2264; baseline -0.005 -8"><span class='ocrx_word' id='word_1_463' title='bbox 1760 2223 1896 2256; x_wconf 80' lang='lat' dir='ltr'>fessariis</span> <span class='ocrx_word' id='word_1_464' title='bbox 1925 2223 2018 2255; x_wconf 84' lang='lat' dir='ltr'>curiae</span> <span class='ocrx_word' id='word_1_465' title='bbox 2044 2221 2160 2264; x_wconf 86' lang='lat' dir='ltr'>regiae),</span> 
     </span>
    </p>
   </div>
   <div class='ocr_carea' id='block_1_37' title="bbox 1743 2310 2285 2443">
    <p class='ocr_par' dir='ltr' id='par_1_38' title="bbox 1743 2310 2285 2443">
     <span class='ocr_line' id='line_1_119' title="bbox 1743 2310 2285 2345; baseline -0.004 0"><span class='ocrx_word' id='word_1_466' title='bbox 1743 2313 1939 2345; x_wconf 82' lang='lat'>1716-1729</span> <span class='ocrx_word' id='word_1_467' title='bbox 1970 2311 2137 2344; x_wconf 90' lang='lat' dir='ltr'>interdicto</span> <span class='ocrx_word' id='word_1_468' title='bbox 2167 2310 2201 2343; x_wconf 87' lang='lat' dir='ltr'>in</span> <span class='ocrx_word' id='word_1_469' title='bbox 2233 2321 2285 2343; x_wconf 88' lang='lat' dir='ltr'>eos</span> 
     </span>
     <span class='ocr_line' id='line_1_120' title="bbox 1764 2355 2285 2398; baseline -0.006 -8"><span class='ocrx_word' id='word_1_470' title='bbox 1764 2357 1920 2390; x_wconf 86' lang='lat' dir='ltr'>declarato</span> <span class='ocrx_word' id='word_1_471' title='bbox 1944 2360 1977 2389; x_wconf 92' lang='lat' dir='ltr'>et</span> <span class='ocrx_word' id='word_1_472' title='bbox 1998 2355 2208 2398; x_wconf 85' lang='lat' dir='ltr'>prohibitione</span> <span class='ocrx_word' id='word_1_473' title='bbox 2230 2355 2285 2388; x_wconf 90' lang='lat' dir='ltr'>So-</span> 
     </span>
     <span class='ocr_line' id='line_1_121' title="bbox 1764 2400 2195 2443; baseline -0.005 -9"><span class='ocrx_word' id='word_1_474' title='bbox 1764 2402 1932 2434; x_wconf 86' lang='lat' dir='ltr'>dalitatum</span> <span class='ocrx_word' id='word_1_475' title='bbox 1955 2410 2011 2443; x_wconf 90' lang='lat' dir='ltr'>pro</span> <span class='ocrx_word' id='word_1_476' title='bbox 2033 2400 2195 2432; x_wconf 86' lang='lat' dir='ltr'>militibus.</span> 
     </span>
    </p>
   </div>
   <div class='ocr_carea' id='block_1_38' title="bbox 1746 2489 2286 2568">
    <p class='ocr_par' dir='ltr' id='par_1_39' title="bbox 1746 2489 2286 2568">
     <span class='ocr_line' id='line_1_122' title="bbox 1746 2489 2286 2523; baseline -0.006 0"><span class='ocrx_word' id='word_1_477' title='bbox 1746 2492 1848 2523; x_wconf 90' lang='lat' dir='ltr'>Tanto</span> <span class='ocrx_word' id='word_1_478' title='bbox 1870 2490 1980 2523; x_wconf 89' lang='lat' dir='ltr'>melius</span> <span class='ocrx_word' id='word_1_479' title='bbox 2003 2489 2159 2522; x_wconf 79' lang='lat' dir='ltr'>florebant</span> <span class='ocrx_word' id='word_1_480' title='bbox 2180 2498 2286 2521; x_wconf 89' lang='lat' dir='ltr'>eorum</span> 
     </span>
     <span class='ocr_line' id='line_1_123' title="bbox 1765 2535 1886 2568; baseline -0.008 0"><span class='ocrx_word' id='word_1_481' title='bbox 1765 2535 1886 2568; x_wconf 80' lang='lat' dir='ltr'>scholae.</span> 
     </span>
    </p>
   </div>
   <div class='ocr_carea' id='block_1_39' title="bbox 1748 2709 2288 2834">
    <p class='ocr_par' dir='ltr' id='par_1_40' title="bbox 1748 2709 2288 2834">
     <span class='ocr_line' id='line_1_124' title="bbox 1748 2709 2287 2753; baseline -0.006 -8"><span class='ocrx_word' id='word_1_482' title='bbox 1748 2713 1825 2745; x_wconf 87' lang='grc'><strong>1716</strong></span> <span class='ocrx_word' id='word_1_483' title='bbox 1856 2711 1975 2752; x_wconf 70' lang='lat' dir='ltr'>Tiferni</span> <span class='ocrx_word' id='word_1_484' title='bbox 2001 2721 2057 2753; x_wconf 88' lang='lat' dir='ltr'>per</span> <span class='ocrx_word' id='word_1_485' title='bbox 2083 2709 2287 2743; x_wconf 85' lang='lat' dir='ltr'>bacchanales</span> 
     </span>
     <span class='ocr_line' id='line_1_125' title="bbox 1767 2754 2286 2808; baseline -0.006 -19"><span class='ocrx_word' id='word_1_486' title='bbox 1767 2757 1859 2808; x_wconf 75' lang='lat' dir='ltr'>ferias</span> <span class='ocrx_word' id='word_1_487' title='bbox 1887 2757 1937 2789; x_wconf 63' lang='grc' dir='ltr'>εΙο.</span> <span class='ocrx_word' id='word_1_488' title='bbox 1966 2756 2015 2788; x_wconf 90' lang='lat' dir='ltr'>M.</span> <span class='ocrx_word' id='word_1_489' title='bbox 2045 2754 2168 2787; x_wconf 66' lang='lat' dir='ltr'>Grivelli</span> <span class='ocrx_word' id='word_1_490' title='bbox 2195 2754 2226 2787; x_wconf 88' lang='lat' dir='ltr'>S.</span> <span class='ocrx_word' id='word_1_491' title='bbox 2256 2754 2286 2786; x_wconf 85' lang='lat' dir='ltr'>J.</span> 
     </span>
     <span class='ocr_line' id='line_1_126' title="bbox 1767 2808 2288 2834; baseline -0.008 0"><span class='ocrx_word' id='word_1_492' title='bbox 1767 2811 1905 2834; x_wconf 73' lang='lat' dir='ltr'>mammo</span> <span class='ocrx_word' id='word_1_493' title='bbox 1934 2810 2004 2833; x_wconf 91' lang='lat' dir='ltr'>cum</span> <span class='ocrx_word' id='word_1_494' title='bbox 2033 2809 2174 2832; x_wconf 86' lang='lat' dir='ltr'>successu</span> <span class='ocrx_word' id='word_1_495' title='bbox 2204 2808 2288 2831; x_wconf 86' lang='lat' dir='ltr'>exer-</span> 
     </span>
    </p>
   </div>
   <div class='ocr_carea' id='block_1_40' title="bbox 1767 2842 2288 2923">
    <p class='ocr_par' dir='ltr' id='par_1_41' title="bbox 1767 2842 2288 2923">
     <span class='ocr_line' id='line_1_127' title="bbox 1768 2842 2288 2922; baseline -0.01 -43"><span class='ocrx_word' id='word_1_496' title='bbox 1768 2846 1843 2922; x_wconf 66' lang='lat' dir='ltr'>G&#39;idiia</span> <span class='ocrx_word' id='word_1_497' title='bbox 1855 2845 1987 2878; x_wconf 90' lang='lat' dir='ltr'>tradidit</span> <span class='ocrx_word' id='word_1_498' title='bbox 1998 2844 2031 2876; x_wconf 93' lang='lat' dir='ltr'>in</span> <span class='ocrx_word' id='word_1_499' title='bbox 2043 2843 2160 2885; x_wconf 91' lang='lat' dir='ltr'>templo</span> <span class='ocrx_word' id='word_1_500' title='bbox 2174 2843 2204 2876; x_wconf 89' lang='lat' dir='ltr'>S.</span> <span class='ocrx_word' id='word_1_501' title='bbox 2218 2842 2288 2875; x_wconf 87' lang='lat' dir='ltr'>Flo-</span> 
     </span>
     <span class='ocr_line' id='line_1_128' title="bbox 1767 2900 1835 2923; baseline 0.015 -1"><span class='ocrx_word' id='word_1_502' title='bbox 1767 2900 1793 2922; x_wconf 81' lang='lat' dir='ltr'>ri</span> <span class='ocrx_word' id='word_1_503' title='bbox 1829 2916 1835 2923; x_wconf 92' lang='lat'>.</span> 
     </span>
    </p>
   </div>
   <div class='ocr_carea' id='block_1_41' title="bbox 1993 3110 2051 3142">
    <p class='ocr_par' dir='ltr' id='par_1_42' title="bbox 1993 3110 2051 3142">
     <span class='ocr_line' id='line_1_129' title="bbox 1993 3110 2051 3142; baseline 0.017 -1"><span class='ocrx_word' id='word_1_504' title='bbox 1993 3110 2051 3142; x_wconf 85' lang='lat'>277</span> 
     </span>
    </p>
   </div>
  </div>
 </body>
</html>
