2372 3550
982 247 1017 284 7.
1045 246 1234 285 Scientia.

144 346 315 376 Ludovicus
341 344 469 380 Melina,
495 346 561 375 nat.
591 343 669 375 1536
696 343 825 375 Cuencae
851 343 884 375 in
912 343 1003 376 Nova
1030 344 1086 376 Ca-

1212 343 1321 376 Petrus
1336 343 1474 376 Hurtado
1490 343 1525 376 de
1540 343 1698 383 Mendoza,
1715 346 1781 375 nat.
1800 343 1887 382 1578,
1904 342 1981 385 ingr.
2000 343 2047 375 12.
2065 343 2150 385 Sept.

68 389 158 428 stilia,
174 389 251 430 ingr.
268 389 315 420 10.
331 387 410 429 Aug.
427 387 514 426 1553,
531 387 733 419 Conimbricae
748 387 873 420 auditor
887 388 995 421 eratP.
1005 388 1085 420 Fon·
1131 388 1219 427 1595,
1249 397 1305 429 per
1334 389 1373 420 30
1403 398 1500 420 annos
1530 388 1685 430 professus
1715 387 1904 429 theologiam
1934 387 2151 420 scholasticam

68 443 141 465 secae
161 437 193 466 et
210 434 276 475 ipse
294 432 391 464 lector
410 431 573 473 theologiae
592 432 704 464 Eborae
722 441 777 473 per
797 433 835 464 20
854 442 961 465 annos.
981 433 1001 475 †
1019 433 1085 464 Ma-

0 476 3 484 '
68 478 134 510 triti
158 478 205 510 12.
231 477 301 510 Oct.
327 476 415 508 1600.

143 532 304 568 Gregorius
337 539 356 561 a
389 530 541 566 Valentia,
581 539 686 561 mense
719 529 833 562 Martio
873 530 949 561 1551
991 533 1085 562 natus

66 575 255 616 Methymnae
283 573 449 614 campestri
476 573 508 604 in
536 573 673 612 Castilia,
701 574 779 616 ingr.
809 574 856 606 23.
886 574 966 606 Nov.
996 574 1083 613 1565,

67 619 173 651 docuit
184 619 291 651 Romae
301 617 540 659 philosophiam,
552 621 663 659 postea
672 628 727 659 per
737 619 776 650 24
787 628 884 650 annos
896 618 1084 660 theologiam

65 663 197 705 Dilingae
216 666 248 695 et
269 662 465 704 Ingolstadii3
498 662 600 694 factus
620 662 718 694 lector
737 662 899 705 theologiae
918 662 950 694 in
970 665 1001 696 G.
1023 663 1085 694 Ro-

65 718 158 740 mano
179 707 266 746 1598,
287 710 410 748 partem
431 706 543 738 habuit
562 707 595 738 in
616 707 829 739 controversia
850 707 908 745 „de
930 707 1083 740 auxiliis“.

65 752 85 794 †
110 751 239 793 Neapoli
264 752 311 783 25.
337 751 412 793 Apr.
439 751 527 783 1603.

142 806 262 836 Gabriel
281 806 432 841 vasquez,
452 808 517 836 nat.
540 804 618 836 1549
638 805 730 846 (1550
753 804 791 846 Ρ),
811 805 889 847 ingr.
911 815 983 837 cum
1004 808 1085 837 esset

65 859 216 881 annorum
241 849 289 887 18,
315 847 422 880 docuit
446 848 634 891 theologiam
658 859 713 891 per
736 849 773 881 31
799 859 896 881 annos
922 849 1030 881 Romae
1053 853 1085 881 et

64 894 97 926 in
119 893 187 926 aliis
209 893 347 925 urbibus,
370 893 390 934 †
412 893 460 925 23.
484 893 569 935 Sept.
594 894 680 926 1604.

142 946 402 978 Franciscus
446 945 693 987 Suaresius‚
725 945 815 978 facile
846 946 1001 978 maximus
1030 946 1084 978 So-

65 990 188 1022 cietatis
203 989 374 1032 theologus,
390 993 456 1022 nat.
472 990 500 1022 5.
517 990 588 1022 Jan.
606 990 683 1022 1548
706 990 862 1029 Granatae,
884 1000 939 1032 per
952 991 971 1022 3
986 1000 1083 1022 annos

64 1034 281 1067 Salamanticae
291 1034 542 1076 jurisprudentiae
563 1034 736 1067 studuerat.
768 1035 845 1067 Cum
866 1035 969 1066 minus
991 1038 1083 1076 aptus

64 1079 105 1111 ad
136 1079 241 1111 studia
271 1078 438 1118 videretur,
471 1078 640 1110 difficulter
671 1079 889 1111 admissionem
920 1079 953 1111 in
984 1079 1084 1111 Socie-

64 1127 163 1156 tatem
185 1123 324 1155 obtinuit
342 1123 542 1155 Salmanticae
562 1123 608 1155 16.
631 1123 705 1155 Jun.
728 1124 815 1155 1564.
856 1124 900 1155 At
920 1133 994 1155 mox
1015 1133 1084 1165 cog-

63 1168 166 1200 nitum
217 1171 265 1200 est
313 1167 470 1209 ingenium
526 1167 592 1209 ejus
644 1167 855 1209 splendidum;
910 1168 1083 1200 sacerdotio

63 1212 140 1244 1572
162 1212 305 1244 initiatus
335 1211 562 1253 philosophiam
598 1215 631 1244 et
664 1212 852 1254 theologiam
887 1212 919 1244 in
955 1212 1082 1245 diversis

62 1257 228 1289 academiis
251 1256 410 1298 Hispaniae
431 1256 586 1297 professus
610 1260 670 1294 est3
695 1257 772 1288 1596
794 1260 955 1298 promotus
972 1257 1004 1289 in
1022 1257 1083 1299 pri-

62 1312 146 1333 mam
176 1301 357 1333 cathedram
387 1300 549 1342 theologiae
578 1300 762 1342 dogmaticae
790 1301 1081 1341 Conimbricensem,

62 1346 139 1377 1613
163 1355 219 1377 suo
242 1348 355 1387 rogatu
378 1355 506 1377 munere
530 1345 661 1377 docendi
684 1345 843 1385 liberatus,
868 1346 934 1387 jam
959 1356 1081 1378 omnem

62 1400 187 1431 operam
216 1389 420 1431 impendebat
449 1389 609 1431 scriptioni
638 1389 835 1422 fertilissimae
865 1394 897 1422 et
954 1391 1081 1432 profun-

61 1435 194 1466 dissimae
225 1434 263 1466 de
293 1433 385 1466 rebus
416 1434 596 1476 theologicis
628 1437 660 1466 et
690 1434 918 1476 philosophicis.
950 1435 1081 1477 †Ulys-

61 1479 168 1521 sipone
193 1478 241 1511 25.
266 1478 352 1520 Sept.
378 1479 465 1511 1617.

139 1532 215 1564 Ven.
232 1533 384 1563 Robertus
397 1533 601 1563 Bellarminus
617 1532 701 1573 (vide
712 1532 815 1565 Theol.
834 1532 985 1574 polemica
997 1533 1078 1575 615).

139 1591 315 1621 Leonardus
334 1591 455 1620 Lessius
475 1589 591 1631 (Leys),
612 1593 678 1622 nat.
701 1590 728 1622 1.
751 1589 820 1622 Oct.
843 1590 921 1622 1554
942 1590 1079 1623 Brechtii

60 1643 157 1676 prope
182 1634 397 1675 Antverpiam,
425 1634 471 1666 23.
500 1634 573 1666 Jun.
602 1634 678 1665 1572
704 1634 792 1676 ingr.‚
819 1634 920 1667 Duaci
947 1636 964 1666 7
991 1635 1079 1667 annis

61 1679 168 1711 docuit
200 1678 437 1720 philosophiam,
474 1678 582 1710 Romae
615 1679 691 1710 1581
725 1678 783 1710 sub
817 1679 958 1711 Suaresio
992 1680 1080 1712 theo-

59 1723 147 1765 logiae
171 1723 284 1755 studiit
307 1733 437 1765 eamque
462 1723 502 1755 ab
527 1733 609 1755 anno
634 1723 830 1755 1585—1600
854 1723 985 1756 Lovanii
1009 1734 1079 1766 pro-

60 1767 158 1800 fessus
178 1771 234 1800 est.
256 1767 276 1809 †
296 1767 342 1799 15.
365 1767 436 1800 Jan.
459 1767 546 1799 1623.

138 1820 297 1897 illa-*togam
312 1820 450 1853 Becanus
463 1820 548 1862 (vide
562 1820 728 1863 Theologia
741 1820 914 1863 polemica).
929 1820 948 1863 †
962 1821 1009 1853 22.
1024 1821 1078 1853 Ja-

60 1875 161 1897 nuarn
270 1891 277 1898 .

138 1918 268 1950 Jacobus
287 1917 436 1957 Granado,
464 1921 529 1950 nat.
553 1918 630 1950 1574
645 1918 795 1957 Gadibus,
817 1919 893 1961 ingr.
909 1919 996 1957 1586,
1024 1918 1078 1950 do-

60 1962 125 1994 cuit
154 1962 381 2005 philosophiam
414 1966 446 1994 et
477 1962 673 2004 theologiam,
705 1967 806 1995 rector
842 1963 966 2005 Collegii
1002 1963 1077 1995 Gra-

59 2007 196 2039 natensis
218 2007 238 2049 †
258 2007 286 2039 5.
311 2007 383 2040 Jan.
409 2008 495 2039 1632.

142 2061 275 2091 Jacobus
299 2061 377 2091 Ruiz
401 2061 438 2091 de
462 2061 618 2098 Montoya
643 2063 707 2093 nat.
734 2061 822 2099 1562,
848 2060 1077 2102 philosophiam

60 2104 166 2137 docuit
186 2104 333 2137 Granatae
360 2108 392 2136 et
412 2114 467 2146 per
487 2114 584 2136 annos
605 2105 644 2136 20
665 2105 853 2147 theologiam
874 2105 1025 2137 Cordubae
1046 2109 1078 2138 et

60 2149 190 2191 Hispali.
230 2148 318 2181 Vixit
337 2159 434 2181 annos
454 2148 493 2181 56
511 2149 544 2180 in
563 2149 728 2182 Societate.
749 2150 768 2191 †
789 2150 835 2182 15.
856 2149 948 2182 Mart.
971 2150 1057 2182 1632.

138 2208 276 2238 Adamus
306 2208 437 2244 Tanner,
468 2205 629 2248 OEniponti
660 2210 725 2239 nat.
759 2207 846 2245 1571,
878 2206 955 2248 ingr.
989 2207 1076 2245 1590,

58 2250 219 2293 theologus
247 2250 337 2282 facile
364 2250 506 2292 princeps
534 2251 698 2283 Societatis
725 2251 758 2283 in
786 2251 962 2290 Germania,
991 2251 1078 2283 theo-

57 2295 171 2338 logiam
199 2295 354 2337 professus
385 2294 567 2336 Ingolstadii
596 2299 628 2327 et
656 2296 792 2334 Viennae,
822 2299 932 2337 postea
960 2295 1078 2328 cancel-

57 2339 151 2372 larius
175 2339 396 2372 Universitatis
417 2339 589 2381 Pragensis.
613 2340 632 2382 †
655 2340 702 2372 25.
727 2340 801 2382 Maj.
827 2340 914 2372 1632.

136 2392 276 2433 AEqidius
300 2392 335 2424 de
358 2392 503 2432 Coninck,
528 2396 594 2425 nat.
620 2394 667 2425 20.
693 2393 768 2426 Dec.
795 2393 871 2425 1571
896 2393 1021 2426 Ballioli
1044 2393 1077 2426 in

57 2436 214 2476 Flandria,
241 2436 288 2469 15.
315 2436 385 2469 Oct.
412 2437 488 2468 1592
513 2437 601 2479 ingr„
628 2437 754 2469 auditor
777 2438 811 2470 P.
838 2437 944 2476 Lessfi,
971 2438 1078 2470 docuit

58 2481 96 2513 18
116 2481 204 2513 annis
225 2480 411 2522 theologiam
432 2481 573 2520 Lovanii,
595 2481 648 2514 ubi
666 2482 687 2524 †
706 2483 754 2515 31.
774 2482 850 2524 Maj.
872 2482 959 2514 1633.

136 2537 272 2567 Joannes
294 2537 444 2567 Martinez
465 2536 501 2567 de
521 2537 663 2574 Ripalda,
681 2538 747 2567 nat.
769 2534 847 2567 1594
866 2534 1076 2577 Pampelunae,

57 2578 134 2620 ingr.
164 2579 250 2617 1609,
279 2578 376 2610 lector
401 2578 604 2621 philosophiae
631 2583 664 2611 et
690 2578 853 2622 theologiae
878 2579 1078 2613 Salmanticae

58 2626 91 2655 et
112 2622 243 2661 Matriti,
269 2622 323 2654 ubi
345 2622 365 2665 †
389 2623 436 2655 26.
461 2623 536 2665 Apr.
562 2624 649 2656 1648.

136 2675 290 2707 Antonius
319 2676 469 2715 Peresius,
499 2679 564 2708 nat.
596 2676 673 2708 1599
701 2676 916 2719 Pontereginae
944 2677 1077 2719 (Puente

58 2719 96 2752 de
113 2719 145 2751 la
162 2720 282 2761 Reyna,
302 2720 390 2753 dioec.
410 2720 687 2762 Pampelunensis),
706 2721 784 2763 ingr.
804 2722 851 2753 19.
871 2721 963 2754 Mart.
984 2722 1075 2760 1613;

59 2764 165 2796 docuit
174 2764 361 2807 theologiam
369 2765 566 2797 Salmanticae
576 2768 608 2797 et
616 2765 724 2797 Romae
733 2784 772 2788 —
780 2765 819 2797 ob
829 2765 1076 2807 profunditatem

58 2808 160 2841 dictus
177 2808 359 2852 „theologus
375 2809 555 2842 mirabilis“.
572 2809 592 2851 †
608 2810 655 2842 27.
673 2809 747 2842 Feb.
765 2810 815 2842 vel
831 2811 858 2843 2.
876 2810 969 2843 Mart.
988 2811 1074 2843 1649.

139 2865 321 2899 Franciscus
341 2866 469 2899 Amicus
491 2866 626 2908 (Amici),
655 2866 828 2899 Consentiae
850 2868 878 2900 2.
901 2867 975 2909 Apr.
999 2867 1076 2899 1578

58 2913 161 2949 natus,
198 2910 274 2953 ingr.
314 2911 401 2950 1596,
434 2921 489 2953 per
520 2911 559 2943 24
595 2921 693 2943 3111103
726 2912 881 2953 professus
911 2915 959 2944 est
990 2911 1077 2944 theo-

58 2955 171 3032 fflgssraff
180 2955 319 3032 &gili-il&
338 2955 478 2998 Neapoli,
497 2955 616 2994 Graecii,
636 2955 771 2988 Viennae.
790 2955 810 2998 -ξ-
828 2956 937 2989 Graecii
954 2956 1003 2989 31.
1022 2956 1077 2989 Ja-

537 3089 597 3122 613

1129 432 1337 465 Salmanticae.
1360 432 1380 474 †
1401 433 1524 465 Matriti
1546 433 1592 465 10.
1616 433 1697 465 Nov.
1721 432 1808 464 1651.

1210 485 1380 527 Dionysius
1426 485 1568 518 Petavius
1609 485 1694 528 (vide
1735 484 1840 518 Theol.
1886 484 2025 526 positiva
2068 485 2151 527 616).

1128 529 1148 571 †
1169 529 1217 562 11.
1239 529 1419 562 Decembris
1441 530 1528 562 1652.

1208 583 1344 615 Joannes
1371 583 1405 615 de
1431 583 1599 622 Dicastillo,
1626 583 1754 615 natione
1781 582 1950 624 Hispanus,
1977 585 2043 614 nat.
2072 582 2152 614 Nea-

1129 627 1193 668 poli
1219 628 1307 666 1585,
1336 628 1414 659 1600
1440 628 1528 669 ingr.,
1557 627 1665 660 docuit
1690 637 1745 669 per
1772 637 1869 659 annos
1896 627 1935 658 25
1962 626 2152 668 theologiam

1129 671 1239 709 Toleti,
1262 672 1397 711 Murciae,
1422 672 1557 704 Viennae.
1581 672 1601 713 †
1625 672 1809 713 Ingolstadii
1831 672 1859 704 6.
1883 671 1976 703 Mart.
2000 671 2088 703 1653.

1212 726 1349 756 Joannes
1372 726 1409 756 de
1432 727 1528 762 Lugo,
1550 729 1617 757 nat.
1642 725 1690 757 25.
1716 725 1796 757 NOV.
1822 724 1899 756 1583
1922 724 2054 763 Matriti,
2080 735 2151 756 cum

1129 773 1210 801 esset
1234 779 1386 801 annorum
1411 770 1450 801 14
1473 769 1538 810 jam
1562 769 1752 801 defendebat
1775 769 1878 801 theses
1903 779 1919 801 e
1942 768 2150 810 philosophia,

1129 814 1157 845 6.
1180 812 1243 845 Jul.
1267 814 1344 845 1603
1365 814 1518 855 ingressus
1540 813 1739 853 Societatem,
1761 813 1934 845 Vallisoleti
1956 813 2064 845 docuit
2082 813 2151 854 phi-

1128 857 1302 899 losophiam
1330 861 1362 889 et
1389 858 1587 900 theologiam,
1616 858 1693 890 1621
1720 858 1875 899 professor
1901 857 1996 890 theol.
2024 857 2057 889 in
2084 857 2151 889 Col-

1128 901 1207 944 legio
1229 902 1372 934 Romano
1392 912 1448 944 per
1467 903 1506 934 20
1526 912 1634 941 annos,
1656 903 1734 934 1643
1756 902 1795 934 ab
1818 902 1946 934 Urbano
1967 902 2057 934 VIII.
2079 902 2151 934 Car-

1129 946 1240 978 dinalis
1271 950 1401 985 creatus,
1433 957 1496 978 11011
1526 947 1632 988 potuit
1661 946 1806 978 ultimam
1837 957 1965 978 manum
1991 946 2150 988 imponere

1130 991 1273 1032 operibus
1297 991 1359 1023 suis
1381 991 1571 1033 theologicis.
1594 992 1613 1033 †
1636 991 1683 1023 20.
1707 991 1786 1033 Aug.
1811 991 1898 1023 1660.

1208 1043 1344 1076 Joannes
1364 1044 1571 1083 Mar-tinonus,
1593 1048 1659 1077 nat.
1682 1044 1760 1076 1586
1782 1044 1917 1076 Brioude
1937 1044 1970 1076 in
1991 1043 2149 1083 Alvernia,

1129 1088 1177 1120 20.
1201 1088 1293 1120 Mart.
1319 1089 1396 1120 1603
1418 1089 1496 1130 ingr.
1519 1089 1676 1130 professus
1700 1088 1888 1131 theologiam
1911 1098 1967 1130 per
1990 1099 2088 1121 annos
2112 1090 2151 1121 20

1130 1132 1313 1175 Burdigalae,
1337 1133 1390 1165 ubi
1411 1133 1430 1175 †
1451 1134 1479 1166 5.
1502 1133 1576 1166 Feb.
1600 1134 1687 1166 1662.

1208 1186 1372 1218 Eodem-us
1390 1186 1425 1218 de
1436 1186 1576 1228 Arriaqa,
1596 1190 1662 1219 nat.
1682 1187 1729 1219 17.
1745 1186 1765 1218 J
1768 1196 1817 1218 an.
1839 1186 1916 1218 1592
1929 1186 2098 1228 Logrunnii
2116 1186 2149 1219 in

1127 1230 1256 1263 Castilia
1278 1230 1355 1272 ingr.
1382 1232 1429 1263 17.
1455 1231 1541 1273 Sept.
1569 1232 1655 1269 1606,
1683 1231 1790 1263 docuit
1813 1230 2043 1272 philosophiam
2054 1231 2149 1263 Valli-

1128 1274 1226 1313 soleti,
1257 1274 1445 1317 theologiam
1473 1275 1672 1308 Salmanticae
1701 1280 1733 1307 et
1762 1275 1918 1307 1624—-33
1947 1276 2064 1317 Pragae,
2095 1275 2149 1307 ubi

1126 1323 1294 1361 postquam
1311 1320 1349 1351 13
1365 1320 1454 1352 annis
1471 1320 1691 1353 Universitatis
1707 1320 1907 1352 cancellarius
1923 1320 1994 1358 fuit,
2010 1320 2030 1361 1-
2047 1321 2074 1352 7.
2092 1320 2113 1352 J
2115 1330 2148 1352 u-

1127 1364 1170 1396 nii
1191 1365 1278 1396 1667.

1205 1416 1363 1449 Martinus
1391 1417 1425 1449 cle
1453 1417 1590 1458 Esparza
1609 1417 1745 1456 Artieda,
1774 1418 1852 1449 1606
1874 1420 1968 1449 natus
1990 1417 2148 1449 Ezcarozii

1126 1461 1216 1494 dioec.
1246 1461 1511 1503 Pampelunensis‚
1542 1462 1666 1494 Jesuita
1694 1462 1734 1494 ab
1764 1472 1845 1494 anno
1875 1462 1962 1500 1621,
1992 1462 2148 1503 professus

1126 1510 1174 1538 est
1202 1506 1390 1548 theologiam
1419 1506 1600 1545 Vallisoleti,
1630 1506 1837 1544 Salmanticae,
1868 1506 2000 1548 denique
2030 1507 2146 1538 Romae.

1125 1551 1159 1583 P.
1185 1551 1343 1583 Generalis
1368 1561 1438 1583 eum
1462 1551 1681 1583 nominaverat
1704 1561 1794 1583 suum
1819 1550 1999 1593 theologum
2023 1554 2056 1582 et
2079 1561 2148 1583 cen-

1126 1605 1225 1627 sorem
1244 1595 1402 1627 librorum.
1423 1595 1442 1637 †
1462 1596 1570 1628 Romae
1589 1597 1636 1628 21.
1656 1596 1730 1638 Apr.
1751 1596 1838 1628 1689.

1204 1648 1335 1680 Jacobus
1358 1648 1514 1687 Plateiius,
1537 1652 1602 1681 nat.
1626 1649 1673 1680 29.
1696 1649 1770 1681 Dec.
1794 1649 1871 1680 1608
1893 1648 2030 1680 Bersetae
2050 1658 2164 1690 prope·

1127 1692 1256 1731 Insulas,
1288 1693 1411 1725 Jesuita
1440 1694 1468 1725 4.
1500 1693 1568 1725 Oct.
1601 1693 1688 1731 1628,
1720 1693 1827 1725 docuit
1855 1692 2085 1734 philosophiam
2115 1697 2148 1725 et

1125 1736 1313 1779 theologiam
1324 1737 1434 1776 Duaei,
1446 1738 1548 1770 factus
1559 1742 1606 1770 est
1615 1742 1716 1770 rector
1725 1737 1860 1780 Collegii.
1871 1738 1891 1779 †
1901 1737 2049 1770 ib.7.Jan.
2059 1737 2145 1770 1681.

1205 1789 1385 1823 Dominicus
1407 1791 1494 1830 Viva,
1516 1795 1581 1823 nat.
1603 1792 1649 1823 19.
1672 1791 1741 1823 Oct.
1763 1791 1841 1823 1648
1860 1790 1952 1822 Liciis
1972 1791 2095 1832 (Lecce)
2114 1790 2147 1822 in

1124 1834 1289 1867 Provincia
1323 1835 1468 1874 Otranto,
1506 1836 1552 1868 12.
1589 1835 1663 1878 Maj.
1701 1835 1779 1867 1663
1815 1834 1946 1876 Neapoli
1980 1835 2145 1877 ingressus,

1124 1880 1162 1911 20
1187 1879 1276 1912 annis
1302 1880 1409 1912 docuit
1434 1880 1632 1922 theologiam,
1658 1880 1823 1922 factusque
1849 1880 1926 1912 1711
1952 1883 2054 1912 rector
2078 1879 2146 1912 Col—

1123 1923 1193 1966 legii
1210 1924 1422 1966 Neapolitani;
1439 1928 1580 1957 mortuus
1597 1929 1645 1957 est
1659 1924 1862 1956 Provincialis
1877 1925 1905 1956 5.
1923 1924 1986 1956 JuJ.
2004 1925 2091 1956 1726.

1201 1983 1355 2013 Antonius
1390 1984 1506 2014 Marius
1541 1982 1672 2024 (Mayr),
1710 1981 1930 2024 Nesselwangii
1965 1981 1997 2013 in
2032 1981 2147 2014 Suevia

1123 2026 1170 2058 24.
1201 2026 1271 2059 Oct.
1302 2027 1379 2058 1673
1407 2030 1510 2065 natus,
1541 2027 1652 2059 studiis
1681 2027 1809 2059 vacavit
1835 2026 2002 2065 Monachii‚
2032 2036 2146 2058 nomen

1123 2070 1211 2103 dedit
1239 2071 1389 2103 Societati
1418 2071 1465 2103 25.
1497 2071 1589 2104 Mart.
1621 2072 1708 2110 1689,
1739 2071 1758 2103 3
1787 2071 1876 2103 annis
1905 2070 2144 2113 philosophiam,

1123 2115 1195 2147 dein
1229 2115 1267 2148 13
1300 2116 1389 2147 annis
1422 2116 1609 2158 theologiam
1643 2115 1859 2148 scholasticam
1891 2115 2047 2157 professus
2080 2115 2146 2147 Fri-

1123 2159 1212 2202 burgi
1238 2164 1271 2192 et
1284 2160 1477 2202 Ingolstadii,
1504 2161 1606 2193 factus
1632 2164 1679 2193 est
1703 2164 1805 2192 rector
1830 2163 1862 2192 et
1886 2160 2034 2202 magister
2058 2160 2145 2192 novi-

1124 2204 1240 2236 tiorum
1269 2204 1486 2247 Landsbergae.
1530 2205 1590 2237 Per
1619 2206 1657 2237 19
1687 2205 1813 2237 ultimos
1839 2204 1913 2237 vitae
1943 2214 2040 2236 annos
2070 2214 2146 2246 prae-

1123 2249 1241 2281 fectum
1262 2249 1437 2282 studiorum
1459 2249 1522 2291 egit
1544 2249 1736 2291 Ingolstadii,
1758 2249 1812 2282 ubi
1832 2249 1865 2281 in
1886 2249 1979 2281 odore
1999 2248 2058 2281 viri
2078 2248 2146 2281 reli-

1122 2293 1199 2335 giosi
1229 2294 1428 2335 perfectionis
1458 2293 1676 2326 studiosissimi
1705 2294 1725 2335 ·1·
1754 2294 1782 2326 3.
1814 2293 1878 2326 Jul.
1910 2294 1996 2325 1749.

1202 2346 1354 2379 Hennam
1389 2346 1503 2385 Kilber,
1540 2347 1568 2379 8.
1604 2347 1697 2379 Mart.
1730 2347 1808 2379 1710
1839 2346 2009 2388 Moguntiae
2039 2349 2143 2385 natus,

1121 2391 1258 2477 ῗὲῗιίῐέ
1263 2391 1313 2467 '012¹
1314 2390 1901 2478 ἓεῑὲξῗέὲῑξζὲἃὲὲῗηῗὶῑῗὲἓὲἒὶῑὲἒιω
1899 2401 2046 2474 ἓέἐῧῖὶῖω
2039 2391 2146 2477 effi.-

1122 2480 1160 2511 22
1180 2489 1277 2512 3111103
1297 2479 1485 2522 theologiam
1505 2480 1676 2522 Herbipoli.
1714 2480 1887 2522 Suppressa
1905 2479 2061 2513 Societate
2080 2490 2145 2512 sus-

1121 2524 1434 2601 gepitbSeminarium
1460 2524 1717 2567 Heidelbergense
1742 2525 1948 2567 dirigendum,
1977 2524 2031 2557 ubi
2058 2524 2142 2566 ³525.

1151 2572 1201 2601 cto
1224 2569 1266 2601 ris
1290 2569 1376 2601 1783.

1442 2659 1479 2689 In
1497 2659 1643 2690 restituta
1665 2659 1825 2691 societate.

1199 2727 1249 2760 Jo.
1285 2727 1454 2760 [sudemus
1488 2728 1523 2760 de
1558 2728 1705 2767 Rozavm,
1739 2731 1805 2760 nat.
1832 2727 2016 2769 Coriosopiti
2049 2727 2142 2769 (Brit.

1120 2771 1235 2813 minor)
1261 2773 1289 2805 9.
1316 2772 1409 2805 Mart.
1438 2773 1525 2811 1772,
1552 2772 1631 2814 ingr.
1659 2772 1706 2804 28.
1734 2772 1827 2804 Mart.
1856 2772 1934 2804 1804
1959 2772 1992 2804 in
2019 2772 2142 2811 Russia,

1120 2816 1276 2849 Assistens
1300 2816 1409 2849 Galliae
1441 2817 1519 2849 1820
1543 2816 1748 2859 oppugnabat
1779 2826 1896 2849 errores
1927 2816 2052 2849 abbatis
2084 2816 2142 2849 La-

1120 2861 1272 2893 mennais.
1295 2861 1315 2903 †
1337 2861 1445 2893 Romae
1466 2862 1494 2894 2.
1517 2861 1592 2903 Apr.
1616 2861 1704 2893 1851.

1199 2913 1307 2945 Maria
1327 2913 1461 2955 Anqelus
1483 2913 1611 2953 Ghastel,
1634 2914 1726 2946 Prov.
1750 2913 1899 2953 Franciae,
1922 2917 1988 2946 nat.
2012 2914 2060 2946 12.
2084 2913 2142 2946 Fe-

1121 2957 1237 2990 bruarii
1260 2958 1346 2997 1804,
1370 2958 1448 3000 ingr.
1473 2959 1520 2990 17.
1546 2958 1626 2990 Nov.
1651 2959 1728 2990 1827
1752 2958 1848 2990 solide
1870 2957 2022 2990 refutavit
2044 2958 2142 2990 tradi-

1121 3001 1332 3035 tionalismum
1355 3006 1388 3035 et
1409 3002 1667 3036 rationalismum.
1691 3003 1710 3045 †
1732 3002 1830 3036 Paris.
1854 3003 1883 3036 4.
1906 3002 1980 3036 Feb.
2005 3002 2093 3036 1861.

1600 3091 1660 3125 614
