2372 3550
140 316 299 352 Hispania,
320 314 478 345 Lusitania

628 313 802 350 Germania,
824 314 964 351 Belgium

1149 314 1271 350 Angue,
1293 314 1420 345 Polonia

1700 314 1859 345 Missiones
1879 314 1997 345 exterae

73 442 159 474 1759.
181 442 239 473 180
256 441 361 473 Socios
381 443 430 473 Pr.
449 441 536 472 Lusi·
571 440 648 472 1763
665 440 753 472 Unus
771 451 787 472 e
803 441 893 473 sociis
911 443 942 474 c.
958 441 1023 473 Au-

93 486 187 518 taniae
226 489 364 518 retentos

406 485 537 517 Pombal
588 485 710 525 gustam
738 485 914 526 publicavit
943 485 1023 517 fruc-

93 530 265 562 carceribus
300 529 460 561 horrendis
496 530 536 561 ad
590 533 657 560 tum
691 529 862 561 octennalis
892 529 1021 562 laboris:

93 575 211 616 Tagum
229 573 363 606 inclusos
384 573 471 615 quasi
492 574 536 605 vi-

92 629 148 651 vos
169 618 320 660 sepelivit.
366 618 441 655 Quae
461 617 536 650 iaci-

92 673 168 695 nora
180 662 273 694 variis
286 662 396 694 libellis
409 662 535 694 famosis

93 707 214 749 alonge
229 711 367 748 tempore
380 716 534 748 praepara-

92 751 133 783 tis
155 751 311 784 celebrata
331 751 425 783 fuere.

71 1238 148 1270 1759
185 1237 332 1280 Episcopi
368 1238 537 1270 misitania&

90 1282 167 1324 jussi
181 1285 256 1314 sunt
269 1283 400 1315 scribere
414 1282 536 1315 litteras

89 1326 261 1369 pastorales
275 1331 385 1359 contra
397 1327 418 1359 J
420 1327 535 1360 esuitas

90 1381 258 1413 eorumque
279 1371 437 1404 doctrinas
459 1372 536 1410 „im-

89 1415 179 1458 pias“
204 1416 370 1454 declarare,
395 1416 427 1448 id
452 1417 535 1458 quod

89 1460 241 1502 imprimis
287 1460 535 1503 archiepiscopus

89 1504 257 1537 Eborensis
280 1505 438 1547 praestitit.

69 1638 223 1670 Nuntium
230 1638 435 1680 apostolicum
443 1639 535 1671 Pom-

88 1682 189 1714 balius
218 1693 234 1715 e
264 1682 429 1715 Lusitania
449 1694 534 1716 amo-

88 1727 145 1765 vit,
170 1727 198 1759 5.
222 1727 301 1769 Aug.
326 1727 404 1759 1760
428 1738 533 1760 omnes

88 1771 180 1813 jussit
219 1771 387 1804 Lusitanos
432 1773 534 1805 Roma

88 1815 180 1855 exire,
195 1819 227 1848 et
234 1816 454 1849 commercium
462 1827 532 1849 cum

87 1860 175 1902 Papa
189 1860 325 1902 abrupit.

65 1995 187 2025 Gabriel
210 1995 392 2032 Malagrida,
418 1995 454 2026 72
480 2005 533 2027 an-

86 2048 143 2070 nos
155 2041 259 2077 natus,
273 2038 402 2081 insignis
415 2039 533 2071 missio-

86 2082 192 2115 nan'us
217 2083 365 2122 Brasfliae,
393 2083 445 2125 qui
470 2087 533 2116 sta-

87 2127 144 2159 bat
166 2126 199 2159 in
224 2127 317 2160 odore
342 2128 531 2167 sanctitatis,

86 2181 106 2203 a
122 2172 141 2203 3
159 2172 309 2204 creaturis
326 2172 482 2205 Pombalii
500 2172 532 2205 in

85 2215 236 2248 tribunali
259 2216 473 2258 Inquisitionis
496 2221 532 2249 ut

85 2260 286 2303 blasphemus
312 2264 344 2293 et
368 2261 531 2294 haereticus

85 2304 264 2344 damnatus,
283 2306 330 2338 21.
348 2305 433 2347 Sept.
453 2306 530 2338 1761

590 573 853 611 „Pinacothecam
911 574 1023 606 Maria-

589 617 684 649 nam“
701 628 763 659 qua
779 618 954 650 ostenditur
969 629 1022 650 an-

589 662 729 703 tiquitas,
754 662 914 701 sanctitas,
939 662 1023 694 utili-

589 710 638 738 tas
649 706 750 738 cultus
761 706 902 739 Mariani.
935 707 1022 739 Alius

589 750 688 782 edidit
716 751 890 792 germanice
919 755 952 783 et
979 751 1023 783 la-

589 795 653 826 tine
686 794 852 833 „Manuale
883 795 1022 827 devotio-

589 839 636 871 nis
665 849 737 881 erga
765 839 1022 871 amabilissimum

589 883 764 915 GorJesu“.
795 884 1021 925 Majoribidem

587 927 688 960 latina
728 928 887 967 sodalitas,
930 939 1021 970 quem

589 982 671 1004 anno
689 972 847 1014 praeterito
866 976 903 1004 ut
921 976 1021 1005 trans-

588 1016 695 1058 fugam
708 1017 748 1049 ad
761 1017 956 1049 Lutheranos
970 1027 1021 1049 ex-

588 1064 754 1102 punxerat,
777 1061 836 1093 hoc
858 1071 940 1094 anno
964 1072 1021 1102 pu-

588 1105 661 1137 blice
689 1106 878 1146 paenitentem
907 1106 1020 1138 iterum

588 1150 713 1191 recepit.

568 1639 645 1670 1764
661 1638 891 1681 Disperguntur
906 1639 986 1671 Socii
1004 1650 1019 1671 e

587 1683 730 1715 domibus
751 1684 768 1715 2
788 1683 1017 1725 provinciarum

586 1727 684 1804 ¹ljleffilgsii
713 1727 745 1760 in
775 1728 878 1760 Gallia
907 1728 1019 1760 consti-

84 2349 298 2391 strangulatus
335 2353 368 2382 et
403 2350 530 2383 combu-
564 2350 641 2382 1765
653 2350 750 2382 Novis
761 2350 892 2382 decretis
903 2350 942 2382 ab
952 2350 1016 2383 Au-

85 2396 151 2425 stus
171 2394 241 2432 fuit,
262 2397 414 2435 praesente
433 2398 466 2427 et
483 2395 530 2427 in-

85 2437 234 2479 spiciente
268 2438 335 2480 ipso
370 2448 440 2481 rege
475 2439 530 2472 Jo-

85 2482 195 2524 sepho!

280 3103 340 3136 334

582 2394 659 2427 stria
674 2395 755 2427 circa
770 2394 955 2427 Academias
970 2405 1015 2427 re-

581 2439 761 2471 formandas
837 2439 1014 2480 publicatis,

581 2483 771 2516 Professores
788 2486 821 2516 et
836 2483 1014 2525 Superiores

580 2529 611 2560 C.
645 2527 856 2569 Friburqensis
887 2528 1014 2570 (Brisg.)

580 2572 706 2604 schema
729 2572 887 2614 quoddam
912 2573 1014 2605 confe-

580 2626 657 2655 cere,
672 2617 704 2648 vi
717 2616 806 2659 cujus
819 2627 903 2649 nova
915 2617 1013 2649 studi-

580 2671 668 2693 orum
678 2661 866 2693 restauratio
877 2672 947 2694 cum
959 2671 1013 2694 an-

579 2705 675 2747 tiquis
709 2705 931 2738 Universitatis
964 2706 1013 2748 ju-

578 2750 664 2782 ribus
705 2753 811 2792 posset
844 2750 1010 2783 conciliari.

583 2794 675 2832 Quod
687 2794 765 2827 aulae
777 2794 944 2828 Viennensi
957 2795 1011 2828 ob-

577 2838 677 2871 latum
703 2842 735 2871 et
757 2839 871 2881 reginae
893 2839 1010 2881 judicio

579 2883 777 2916 commissum
798 2887 854 2916 est.

753 3104 813 3137 335

1056 441 1134 472 1762
1149 442 1180 473 C.
1194 440 1363 473 Grodnense
1378 451 1448 473 cum
1464 441 1509 472 vi-
1544 441 1674 473 Jesuitae
1701 451 1717 473 e
1744 442 1902 472 Lusitania
1927 441 2084 482 deportati
2110 452 2164 474 na-

1076 484 1151 516 cinis
1181 485 1356 526 regionibus
1386 485 1509 517 laborat
1563 484 1654 517 vibus
1683 485 1896 517 Centumcellas
1924 485 2083 527 appulere:

1075 529 1198 561 defectu
1209 539 1340 561 annonae
1351 529 1390 561 ob
1401 529 1507 561 tabem

1076 576 1296 612 armentorum,
1318 578 1350 606 et
1372 573 1507 606 militum
1541 590 1627 622 1759,
1650 590 1698 622 24.
1721 590 1790 622 Oet-

1076 618 1246 650 Russorum
1280 618 1325 659 (in
1359 618 1507 650 Borusso-

1074 672 1143 693 rum
1165 662 1304 703 servitio)
1327 663 1430 704 copias
1451 672 1506 704 per

1075 706 1275 738 Lithuaniam
1297 717 1313 738 e
1333 707 1441 739 Silesia
1461 717 1506 739 re-

1074 754 1242 783 vertentes.

1842 545 1923 577 Socii

1847 590 1904 621 133
1927 600 1943 621 e
1964 592 2013 623 Pr.
2035 590 2106 623 [sas.

1671 635 1698 666 6.
1722 634 1802 666 Nov.
1847 635 1903 666 122
1926 645 1941 666 e
1963 636 2012 667 Pr.
2033 635 2106 667 Das.

1541 688 1627 720 1760.
1671 688 1698 720 6.
1721 687 1795 720 Feb.
1846 688 1904 719 217
1926 698 1942 720 e
1963 690 2011 721 Pr.
2034 688 2105 721 [sus.

1671 733 1697 764 7.
1720 732 1794 764 Feb.
1846 733 1903 764 109
1925 743 1941 764 e
1962 734 2010 765 Pr.
2032 733 2105 765 Ims.

1649 776 1697 809 30.
1720 776 1783 808 Jul.
1846 777 1904 808 265
1926 787 1942 809 e
1962 779 2010 809 Pr.
2033 777 2120 810 Bras.

1669 821 1696 853 1.
1719 821 1788 853 Oct.
1864 821 1902 852 49
1924 831 1962 853 ex
1978 821 2035 854 ins.
2054 821 2126 854 [ms.

1539 874 1627 906 1761.
1650 874 1697 905 17.
1721 873 1793 906 Jan.
1867 874 1905 905 92
1926 884 1943 906 e
1961 876 1997 907 V.
2016 876 2065 908 Pr.
2083 875 2160 908 Mar.

1669 919 1696 950 7.
1719 917 1782 950 Jul.

1538 971 1625 1003 1767.
1669 971 1696 1003 6.
1719 971 1805 1012 Sept.

1564 1032 1688 1074 Egressi
1710 1043 1726 1064 e
1746 1033 1776 1065 S.
1799 1033 1829 1066 J.
1882 1034 1902 1065 3
1922 1033 2048 1073 rediere,

1863 919 1902 950 59
1924 929 1940 950 e
1954 918 2018 951 G'oa
2038 922 2070 951 et
2090 920 2159 952 Iud.

1865 972 1903 1004 29
1925 982 1941 1004 e
1962 971 2090 1005 diversis
2111 975 2160 1006 Pr.

1566 1077 1676 1109 Genua
1696 1087 1808 1109 venere
1884 1078 1903 1110 4
1923 1078 2039 1120 aegroti,

1567 1122 1675 1154 Romae
1696 1125 1786 1154 erant
1882 1123 1902 1155 8
1921 1122 1987 1164 jam
2003 1123 2099 1165 prius,

1566 1166 1703 1198 Venetiis
1883 1168 1900 1199 1
1922 1167 1987 1209 jam
2003 1167 2099 1209 prius,

1537 1229 1614 1260 1767
1637 1238 1707 1270 ergo
1824 1229 1900 1261 1091
1922 1229 2004 1262 Socii

1557 1292 1595 1314 ex
1611 1281 1798 1314 Assistentia
1817 1282 1985 1316 Lusitaniae
2005 1283 2161 1326 degebant

1556 1326 1589 1358 in
1607 1326 1708 1359 Italia.
1738 1326 1801 1368 (Ex
1815 1327 1882 1360 Cat.
1899 1337 1968 1370 gen.
1987 1327 2055 1361 Ass
2073 1328 2160 1370 Lus.)

1540 1638 1626 1669 1760.
1645 1638 1672 1670 6.
1682 1637 1703 1670 J
1705 1648 1754 1670 an.
1765 1638 1884 1670 Novitii
1891 1639 1928 1671 17
1936 1639 2117 1672 Scholastici
2127 1644 2160 1673 et

1558 1683 1577 1714 4
1589 1682 1683 1715 Coad.
1698 1682 1738 1715 ad
1751 1683 1939 1716 vestibulum
1953 1685 1984 1717 G.
1998 1684 2159 1717 Bahiensis

1558 1727 1671 1766 vocati,
1693 1731 1779 1760 veste
1798 1738 1854 1769 per
1873 1728 1937 1760 vim
1958 1729 2046 1761 exuti
2065 1729 2158 1761 domo

1052 1772 1130 1804 1765
1153 1781 1259 1804 mense
1269 1772 1430 1810 Januario,
1456 1782 1504 1805 co-
1557 1771 1659 1813 egredi
1670 1772 1876 1805 miserabilem
1888 1773 1920 1805 in
1932 1773 2060 1806 modum
2072 1783 2159 1814 coge-

1071 1827 1138 1848 ram
1164 1819 1233 1848 toto
1259 1816 1322 1848 fere
1348 1821 1504 1850 conventu

1070 1860 1223 1893 nobilium
1245 1861 1409 1893 Posnaniae
1429 1861 1505 1894 cele-

1069 1905 1170 1944 brato,
1206 1905 1337 1938 studiosi
1379 1905 1504 1948 Collegii

1069 1951 1204 1988 physioae
1221 1951 1449 1988 experimentali
1472 1960 1503 1983 o-

1069 2004 1175 2036 peram
1192 1998 1355 2033 navantes,
1372 1994 1419 2027 sui
1433 2004 1503 2036 pro-

1069 2039 1170 2071 fectus
1204 2038 1337 2081 speciem
1372 2038 1501 2079 dabant,

1069 2087 1102 2116 et
1126 2083 1251 2125 plurimi
1276 2094 1292 2115 e
1314 2083 1502 2125 primoribus

1069 2128 1171 2160 varias
1210 2128 1395 2170 quaestiones
1443 2128 1501 2160 sol-

1069 2172 1187 2205 vendas
1210 2172 1437 2214 proponebant.
1463 2192 1501 2196 —

1068 2217 1227 2249 Professor
1236 2216 1372 2258 physicae
1383 2218 1500 2259 experi-

1068 2261 1213 2294 mentalis
1240 2261 1275 2294 P.
1304 2261 1369 2294 Jos.
1399 2262 1500 2304 Roga-

1066 2305 1159 2338 linski
1170 2305 1284 2338 librum
1290 2316 1395 2338 suum:
1410 2307 1504 2345 „Pro-

1067 2350 1216 2392 prietates
1231 2359 1394 2392 corporum
1408 2361 1499 2393 expe-

1067 2394 1185 2427 rientiis
1210 2394 1399 2437 exploratae“
1423 2395 1500 2428 Var-

1067 2439 1161 2471 saviae
1174 2439 1238 2482 regi
1253 2439 1378 2478 obtulit,
1395 2439 1448 2482 qui
1462 2450 1498 2473 eo

1066 2484 1202 2516 maxime
1235 2483 1407 2516 delectatus
1440 2488 1496 2517 est.

1066 2546 1105 2551 —
1123 2529 1152 2561 9.
1172 2528 1235 2561 Jul.
1256 2528 1434 2561 incendium
1453 2528 1498 2561 di-

1065 2572 1169 2605 midiae
1182 2573 1266 2605 horae
1279 2573 1381 2614 spatio
1395 2573 1414 2604 3
1428 2583 1498 2615 par-

1066 2620 1112 2649 tes
1129 2617 1266 2650 civitatis
1283 2617 1430 2650 Ravensis
1446 2617 1497 2651 de-

1066 2661 1200 2700 voravit,
1215 2661 1362 2694 incolumi
1376 2671 1496 2703 perma-

1064 2710 1158 2739 nente
1169 2706 1311 2748 Collegio,
1324 2706 1413 2748 cujus
1419 2706 1496 2739 Rec-

1064 2754 1114 2783 tor
1141 2750 1268 2783 afflictis
1295 2750 1413 2793 largam
1441 2751 1495 2784 sti-

1062 2805 1135 2836 pem
1152 2795 1368 2837 suppeditavit
1384 2798 1417 2828 et
1431 2795 1496 2837 ple-

1062 2839 1166 2881 risque
1195 2842 1302 2881 patere
1332 2839 1434 2872 voluit
1462 2841 1494 2873 C.

1068 2884 1136 2922 Quo
1152 2887 1292 2926 tempore
1307 2883 1389 2917 cives
1404 2884 1494 2916 mini-

1061 2928 1155 2961 sterio
1167 2928 1327 2961 Sociorum
1339 2928 1493 2971 spirituali

1060 2971 1187 3015 largiter
1204 2972 1252 3005 usi
1269 2976 1352 3006 sunt.

1235 3105 1294 3138 336

1557 1815 1680 1849 bantur.

1795 3107 1855 3140 337
