2372 3550
818 267 904 325 II.
943 265 1366 334 Conspectus

72 354 382 412 virorum
417 351 790 409 illustrium
826 350 1185 409 laboribus
1225 344 1620 416 apostolicis
1658 345 1729 401 et
1766 343 2096 401 doctrina.

891 479 935 520 1.
963 476 1288 519 Praedicatio.

472 568 621 601 Italia.

119 630 288 663 Paulus
312 629 504 670 Segnefi,
526 632 591 660 nat.
616 630 662 661 22.
688 629 779 660 Mart.
809 629 886 660 1624
915 627 1063 669 Neptuni,

41 671 118 716 ingr.
145 675 172 706 2.
200 674 273 705 Dec.
301 673 378 704 1637
404 673 444 704 ad
469 673 499 704 S.
526 673 667 711 Andreae,
695 673 802 705 docuit
825 672 1064 714 grammaticam

40 718 175 757 Pistorii,
195 728 249 759 per
267 718 304 748 27
324 727 421 749 annos
439 717 567 758 insignis
585 718 796 749 missionarius
816 722 847 749 et
866 721 976 758 postea
994 726 1065 747 con-

42 763 182 795 cionator
200 761 390 803 pontificius.
429 762 448 802 †
469 762 577 793 Romae
596 762 623 793 9.
644 762 719 793 Dec.
742 762 828 793 1694.

125 818 276 853 Josephus
291 818 364 848 Ant.
374 817 517 852 Bordoni,
533 819 597 846 nat.
612 816 658 847 22.
669 815 743 846 Feb.
755 815 830 846 1682
840 813 976 851 Taurini,
987 813 1063 854 ingr.

42 862 90 893 24.
118 861 187 892 Oct.
215 860 301 898 1696,
329 859 437 891 docuit
461 859 582 891 litteras
608 859 815 896 humaniores,
844 863 953 899 postea
979 858 1065 888 theo-

41 905 165 947 logiam,
189 904 336 936 laudatus
361 908 465 935 orator
487 914 581 935 sacer.
605 904 624 945 †
649 903 775 935 Taurini
800 904 847 934 10.
874 903 952 934 Nov.
978 902 1064 933 1742.

121 960 329 994 Hieronymus
344 959 497 993 Tornielli‚
512 960 578 988 nat.
596 957 623 988 1.
640 956 714 988 Feb.
732 956 818 993 1693,
836 956 912 996 ingr.
931 956 977 986 19.
995 955 1064 986 Oct.

44 1003 131 1042 1710,
164 1006 269 1034 orator
298 1001 407 1043 plenus
439 1001 621 1039 affectuum,
653 1005 795 1032 mortuus
827 1005 874 1032 est
904 999 1066 1040 eruptione

44 1047 211 1089 sanguinis.
237 1047 256 1088 †
282 1045 431 1077 Bononiae
456 1046 502 1077 13.
529 1045 603 1086 Maj.
631 1046 717 1077 1752.

122 1100 248 1131 Hieron.
283 1099 400 1137 Tremo,
432 1102 497 1130 nat.
529 1099 576 1129 31.
609 1098 680 1130 ι1311.
714 1097 790 1129 1713
821 1097 955 1135 Patavii,
988 1097 1065 1137 ingr.

45 1145 193 1176 Bononiae
213 1144 260 1176 24.
281 1143 355 1185 Apr.
378 1144 463 1181 1728,
486 1143 730 1174 concionabatur
750 1152 804 1183 per
823 1142 860 1173 38
882 1152 979 1173 annos
1001 1145 1065 1172 tam

42 1190 75 1221 in
101 1189 221 1230 magnis
249 1188 440 1226 civitatibus,
469 1197 563 1228 quam
589 1187 621 1218 in
648 1186 854 1218 missionibus.
882 1187 901 1227 †
928 1185 1066 1217 Venetiis

43 1234 91 1266 19.
117 1233 192 1275 Apr.
219 1233 306 1264 1784.

122 1286 171 1318 Ab
197 1296 278 1318 anno
304 1285 381 1317 1573
406 1294 504 1326 usque
529 1285 569 1316 ad
594 1285 672 1316 1660
697 1284 826 1316 Jesuitae
851 1284 888 1315 49
915 1283 1066 1315 tenebant

44 1334 223 1373 suggestum
247 1330 279 1362 in
304 1329 423 1371 capella
446 1329 620 1370 pontificia.

366 1411 402 1440 In
423 1410 565 1441 restituta
588 1410 751 1441 societate:

123 1474 259 1503 Tiberius
295 1473 424 1508 sagrini,
456 1474 520 1502 nat.
555 1471 582 1502 6.
615 1470 694 1511 Aug.
730 1469 804 1500 1641
841 1468 955 1506 Imolae,
989 1468 1065 1509 ingr.

45 1517 92 1560 29.
116 1516 185 1549 Oct.
210 1516 296 1554 1826,
315 1516 334 1556 †
353 1515 480 1546 Taurini
502 1516 548 1546 25.
572 1515 646 1546 Feb.
667 1514 752 1545 1865.
786 1513 880 1553 (⁷¹ujus
904 1518 1066 1554 tamquam

46 1561 176 1593 oratoris
197 1564 229 1592 et
248 1560 401 1602 praecipue
421 1559 646 1591 concionator1s
670 1569 724 1600 per
742 1558 917 1589 universali]
943 1557 1067 1589 Italiam

47 1605 237 1638 celebratum
268 1614 381 1636 nomen
412 1608 488 1635 erat.

124 1660 279 1691 Secundus
304 1660 432 1695 Franco,
457 1661 522 1688 nat.
547 1657 595 1688 22.
621 1657 692 1688 Jan.
719 1656 804 1693 1817,
831 1656 907 1697 ingr.
936 1656 963 1687 5.
994 1655 1067 1687 Feb.

46 1703 124 1735 1832
152 1704 243 1735 Taur.
288 1702 307 1744 †
330 1702 457 1733 Taurini
481 1702 527 1733 10.
554 1702 633 1733 Nov.
659 1702 745 1732 1893.
788 1700 896 1732 Multis
919 1700 1070 1731 missioni-

46 1748 104 1780 bus
126 1747 350 1785 celeberrimus,
371 1746 416 1778 ita
436 1750 472 1778 ut
494 1746 593 1778 dicere
616 1745 684 1787 quis
708 1745 859 1786 potuerit:
883 1746 984 1776 Tanto
1004 1745 1069 1775 viro

46 1792 166 1824 nullum
190 1792 230 1824 ad
254 1791 396 1833 elogium.

125 1845 218 1878 Forte
242 1844 337 1877 etiam
361 1843 538 1876 Vincentius
564 1843 680 1876 Stoechz'
707 1847 738 1874 ct
765 1842 928 1884 cajetanus
954 1842 1070 1874 Zocehi·

442 1923 684 1955 Lusitania.

127 1985 342 2017 Antonius
359 1985 519 2024 Vieira,
535 1988 627 2015 natus
645 1985 672 2015 6.
690 1983 763 2015 Feb.
784 1983 859 2013 1608
877 1981 1072 2022 Ulyssipone,

47 2029 236 2062 Societatem
253 2029 408 2071 ingressus
425 2029 453 2061 5.
472 2029 546 2070 Maj.
567 2029 643 2060 1623
664 2028 769 2059 Bahiae
787 2027 817 2058 in
838 2026 977 2063 Brasilia,
999 2026 1074 2056 1626

47 2074 150 2106 factus
173 2077 220 2105 est
242 2073 339 2106 lector
359 2073 521 2105 rhetoricae
538 2073 754 2109 Pernambuci,
780 2072 857 2103 1640
875 2070 1076 2102 concionator

49 2118 127 2150 aulae
141 2118 174 2150 in
190 2118 362 2156 Lusitania,
380 2119 457 2149 1652
473 2117 684 2149 missionarius
701 2117 731 2148 111
749 2116 888 2147 Brasilia.
922 2116 1075 2146 Reversus

48 2163 81 2195 in
98 2163 293 2195 Lusitaniam
314 2163 392 2194 falso
415 2166 578 2194 accusatus
600 2162 684 2203 apud
708 2161 943 2202 inquisitionem
962 2159 992 2190 in
1012 2169 1076 2190 ear-

52 2217 118 2240 cere
134 2207 281 2240 detentus
297 2211 344 2239 est
364 2217 418 2248 per
438 2207 565 2248 aliquod
577 2206 733 2247 temporis.
755 2205 892 2247 †Bahiae
906 2204 936 2235 in
948 2203 1078 2235 Brasilia

53 2252 100 2285 17.
121 2252 187 2284 Juli
208 2252 294 2284 1697.

450 2321 680 2362 Hispania.

137 2384 272 2414 Jacobus
303 2384 434 2420 Laynez,
465 2386 530 2414 nat.
563 2383 595 2413 in
626 2382 778 2413 Almazan
811 2381 897 2418 1512,
931 2390 1010 2411 unus
1043 2389 1080 2411 ex

53 2428 160 2470 primis
177 2427 265 2459 sociis
276 2427 305 2459 S.
326 2427 449 2468 Ignatii.
468 2427 628 2468 theologus
640 2426 730 2458 Pauli
750 2425 808 2457 111.
827 2425 859 2456 111
877 2425 968 2456 Conc.
984 2423 1079 2461 Trid„

54 2472 103 2504 vir
127 2482 248 2513 magnae
274 2471 467 2513 eloquentiae,
494 2471 653 2503 Generalis
678 2471 708 2503 S.
721 2471 750 2502 J.
777 2470 796 2511 †
824 2470 931 2501 Romae
958 2470 1004 2501 19.
1027 2468 1080 2500 Ja-

57 2516 162 2549 nuarii
185 2515 271 2548 1565.

134 2572 315 2601 Franciscus
332 2571 464 2606 Toletus‚
486 2573 551 2601 nat.
575 2569 602 2600 4.
627 2569 695 2600 Oct.
720 2567 796 2599 1532
819 2566 979 2603 Cordubae,
1003 2565 1079 2606 ingr.

57 2615 85 2648 3.
108 2614 182 2647 Jun.
206 2614 293 2652 1558,
316 2614 418 2645 factus
442 2613 498 2645 sub
521 2613 577 2644 Pio
596 2613 648 2645 IV.
674 2612 874 2644 concionator
891 2610 1080 2652 pontificum,

57 2669 119 2701 quo
142 2668 268 2690 munere
290 2658 416 2690 functus
443 2662 490 2689 est
515 2668 570 2699 per
592 2667 689 2689 annos
715 2657 767 2695 24;
796 2655 967 2687 Cardinalis
994 2654 1080 2685 1593.

56 2704 76 2746 †
97 2704 144 2736 14.
167 2703 357 2744 Septembris
384 2703 470 2734 1596.

136 2758 262 2788 Hieron.
282 2756 318 2786 de
338 2756 506 2792 Florencia,
526 2758 591 2786 nat.
613 2754 690 2786 1565
707 2753 874 2794 Compluti,
899 2753 976 2793 ingr.
994 2751 1081 2789 1582,

59 2800 166 2833 docuit
194 2799 422 2842 philosophiam
452 2803 485 2830 et
513 2799 714 2840 theologiam,
744 2802 855 2839 postea
883 2796 1083 2829 concionator

59 2855 115 2887 per
135 2855 232 2877 annos
253 2844 292 2876 30
312 2844 344 2876 in
366 2843 438 2875 aula
457 2843 644 2875 Matritensi.
688 2843 707 2885 †
729 2844 776 2875 12.
799 2842 892 2874 Mart.
916 2841 1003 2873 1633.

494 2922 656 2956 Gallia.

1112 610 1150 641 19
1187 565 1471 640 gacobffissgirousn
1484 566 1549 594 nat.
1564 561 1650 599 1624,
1664 561 1741 602 ingr.
1756 560 1803 592 25.
1818 559 1887 592 Oct.
1902 560 1988 591 1641.
2013 559 2132 601 †Paris

1153 636 1159 641 .
1216 613 1256 640 ct.
1366 633 1371 639 .

1190 663 1332 692 Claudius
1352 669 1370 690 a
1389 660 1586 695 colombiere‚
1606 658 1633 689 2.
1654 657 1728 689 Feb.
1750 657 1828 688 1614
1846 661 1911 688 nat.
1933 656 1974 688 ad
1993 656 2023 688 S.
2044 656 2134 697 Sym-

1110 706 1296 746 phorianum
1321 704 1429 736 Ozonii
1455 713 1551 744 prope
1575 702 1772 743 Lugdunum,
1798 701 1874 742 ingr.
1901 701 1988 739 1659,
2015 700 2135 732 concio-

1110 750 1247 781 nabatur
1269 759 1323 790 per
1346 750 1362 779 2
1387 758 1484 779 annos
1507 748 1539 778 in
1563 746 1635 778 aula
1657 746 1767 777 Jacobi
1791 746 1833 777 H.
1858 745 2056 783 Londinensi,
2082 744 2135 776 sed

1110 794 1181 826 inde
1204 793 1359 835 expulsus,
1382 791 1549 823 habitabat
1570 790 1702 828 Paredii,
1726 790 1779 821 ubi
1799 790 1818 831 †
1839 790 1886 821 15.
1909 789 1984 821 Feb.
2007 789 2095 821 1682.

1190 855 1338 887 Claudius
1367 854 1483 891 Teri'er,
1509 853 1555 884 20.
1581 852 1674 883 Mart.
1700 852 1776 883 1611
1800 855 1866 882 nat.
1881 850 2030 891 Rupellae,
2056 851 2134 891 ingr.

1111 901 1158 932 30.
1175 900 1195 931 ,J
1197 910 1246 931 an.
1263 899 1350 933 1628.
1367 898 1474 930 docuit
1487 897 1673 929 humaniora
1687 900 1718 928 et
1732 896 1928 933 rhetoricam,
1944 895 2067 936 fuitque
2082 904 2138 935 per

1111 945 1149 976 30
1175 954 1272 976 annos
1299 943 1508 975 concionator.
1535 942 1554 983 †
1580 940 1756 981 Burdigalae
1782 941 1828 972 24.
1855 940 1930 981 Apr.
1958 940 2046 971 1687.

1190 1006 1325 1035 Timoleo
1349 1005 1532 1040 cheminais,
1555 1006 1621 1035 nat.
1646 1001 1772 1033 Parisiis
1795 1001 1823 1032 3.
1849 1001 1920 1033 Jan.
1946 1002 2034 1039 1652,
2059 1001 2136 1042 ingr.

1112 1050 1159 1081 25.
1186 1050 1272 1090 Sept.
1300 1049 1387 1086 1667,
1415 1058 1470 1089 per
1495 1047 1589 1079 breve
1616 1051 1739 1087 tempus
1767 1045 1901 1087 quidem,
1930 1046 1983 1078 sed
2009 1046 2138 1087 insignis

1112 1104 1212 1135 praeco
1233 1093 1320 1125 verbi
1340 1093 1407 1125 Dei.
1429 1093 1448 1134 †
1468 1092 1594 1124 Parisiis
1615 1091 1662 1123 15.
1684 1091 1770 1132 Sept.
1793 1090 1879 1122 1689.

1191 1151 1436 1183 Ludovieus
1479 1148 1778 1188 Bourdaloue,
1831 1152 1896 1179 nat.
1945 1147 2138 1189 Biturigibus

1112 1197 1159 1228 20.
1181 1195 1259 1236 Aug.
1283 1195 1369 1232 1632,
1392 1194 1468 1235 ingr.
1491 1194 1537 1225 10.
1560 1193 1628 1225 Oct.
1651 1192 1742 1230 1648;
1764 1196 1933 1233 postquam
1954 1192 2061 1224 docuit
2080 1192 2138 1223 hu-

1112 1240 1261 1276 maniora,
1283 1239 1480 1276 rhetoricam,
1509 1236 1748 1278 philosophiam,
1770 1236 1957 1278 theologiam
1979 1236 2138 1275 moralem,

1113 1284 1313 1317 concionibus
1335 1283 1398 1315 suis
1421 1282 1575 1314 excelluit.
1597 1282 1616 1323 †
1638 1280 1763 1312 Parisiis
1785 1281 1832 1313 13.
1854 1281 1928 1322 Maj.
1952 1282 2039 1313 1704.

1191 1343 1316 1372 Carolus
1329 1350 1347 1371 a
1364 1342 1471 1371 strada
1488 1340 1539 1377 (de
1552 1339 1582 1370 la
1595 1338 1685 1379 Rue),
1699 1342 1764 1369 nat.
1778 1338 1805 1369 3.
1820 1337 1898 1379 Aug.
1913 1338 1990 1369 1643
2003 1337 2139 1375 Parisiis,

1112 1387 1188 1428 ingr.
1198 1388 1224 1418 7.
1244 1387 1328 1426 Sept.
1350 1386 1435 1421 1659,
1456 1384 1569 1416 ibidem
1588 1383 1685 1415 lector
1706 1382 1913 1414 humanitatis
1931 1387 1962 1414 et
1980 1382 2141 1414 rhetoricae

1115 1436 1146 1463 et
1167 1430 1332 1472 praeclarus
1354 1439 1453 1470 praeco
1476 1429 1561 1460 verbi
1584 1427 1683 1459 divini
1704 1427 1799 1458 etiam
1821 1431 1853 1458 et
1873 1427 1904 1458 in
1928 1427 2008 1463 aula,
2033 1437 2140 1468 quam-

1115 1486 1209 1517 quam
1259 1475 1394 1516 petierat
1448 1473 1624 1505 missionem
1675 1471 1896 1503 Canadensem.
1953 1471 1972 1512 †
2015 1471 2141 1502 Parisiis

1114 1522 1161 1552 27.
1182 1520 1257 1560 Maj.
1280 1520 1366 1550 1725.

1196 1572 1374 1604 Vincentius
1390 1571 1528 1611 Houdris,
1546 1574 1638 1601 natus
1654 1568 1850 1601 Caesaroduni
1865 1569 1988 1609 (Tours)
2003 1569 2050 1600 22.
2067 1568 2140 1600 Jan.

1116 1618 1202 1655 1631,
1228 1618 1304 1658 ingr.
1330 1617 1357 1648 8.
1373 1616 1442 1647 001.
1472 1616 1547 1647 1646
1573 1625 1642 1646 cum
1668 1623 1809 1645 successu
1833 1613 2034 1654 praedicabat.
2084 1613 2143 1644 Est

1116 1667 1225 1693 auctor
1250 1661 1438 1692 Bibliothecae
1461 1659 1688 1691 eoneiomrtorioe
1710 1668 1790 1699 saepe
1812 1658 1970 1698 impressae
1992 1662 2024 1689 et
2046 1667 2143 1689 versae

1116 1707 1146 1738 iu
1167 1707 1305 1747 linguam
1327 1705 1468 1736 latinam.
1509 1705 1527 1745 †
1552 1703 1674 1735 Parisiis
1695 1703 1741 1734 19.
1763 1702 1854 1734 Mart.
1877 1703 1964 1734 1729.

1197 1767 1321 1798 Blasius
1334 1767 1456 1803 Gis-bert,
1469 1767 1515 1797 21.
1530 1765 1601 1797 Feb.
1616 1765 1691 1796 1657
1704 1763 1834 1795 Cadurci
1852 1768 1954 1802 natus,
1966 1764 2042 1805 ingr.
2056 1763 2143 1801 1672,

1117 1812 1240 1853 scripsit
1258 1816 1443 1843 tractatum:
1464 1811 1666 1851 L'eloquencc
1678 1808 1863 1840 chretienne.
1878 1808 1955 1849 †21.
1968 1808 2042 1840 Feb.
2056 1808 2142 1839 1731.

1198 1871 1377 1900 Franciscus
1409 1877 1427 1899 a
1456 1870 1550 1898 Paulo
1583 1869 1789 1902 Bretonneau,
1822 1870 1914 1897 natus
1947 1865 2144 1897 Caesaroduni

1119 1915 1165 1946 31.
1187 1915 1260 1945 Dec.
1283 1914 1368 1951 1660,
1391 1914 1465 1953 ingr.
1489 1913 1534 1944 14.
1555 1912 1641 1952 Sept.
1664 1911 1751 1947 1675,
1772 1910 1898 1942 functus
1918 1910 1980 1942 fere
2001 1910 2145 1941 omnibus

1120 1958 1308 1995 muneribus,
1335 1958 1433 1988 bonus
1458 1957 1667 1992 concionator,
1693 1960 1785 1986 notus
1810 1954 1960 1995 imprimis
1986 1959 2021 1986 ut
2045 1955 2146 1986 editor

1121 2014 1247 2044 operum
1257 2002 1357 2034 Patris
1368 1999 1783 2040 Bourdaloue(1707—34).†
1791 1999 1917 2030 Parisiis
1928 1999 2144 2040 2-2.Ma.j.1741,

1199 2060 1325 2093 Carolus
1355 2060 1432 2100 Frey
1462 2059 1496 2089 de
1526 2058 1695 2096 Novamsslla,
1731 2061 1796 2088 nat.
1829 2056 1916 2094 1693,
1946 2057 2022 2097 ingr.
2059 2057 2144 2093 1710,

1121 2106 1140 2147 ἦ·
1165 2106 1251 2136 1774.

1202 2159 1375 2189 Alexander
1394 2158 1537 2193 Lanfant,
1557 2160 1620 2187 nat.
1641 2156 1669 2186 9.
1689 2155 1774 2195 Sept.
1797 2155 1873 2185 1726
1894 2153 2046 2195 Lugduni,
2067 2153 2145 2194 ingr.

1124 2203 1283 2234 Avenione
1303 2204 1328 2233 7.
1348 2203 1433 2242 Sept.
1456 2202 1540 2239 1741,
1561 2200 1761 2232 concionator
1778 2199 1809 2230 in
1828 2199 1948 2240 magnis
1967 2198 2096 2229 urbibus
2115 2201 2147 2229 et

1124 2248 1155 2279 in
1180 2247 1259 2279 aula.
1306 2247 1383 2287 Ejus
1408 2246 1499 2277 ardor
1522 2246 1552 2276 111
1577 2244 1707 2276 dicendo
1730 2248 1803 2284 post
1826 2253 2023 2284 suppressam
2046 2241 2147 2273 Socie-

1126 2297 1223 2324 tatem
1256 2291 1314 2332 ipsi
1347 2301 1365 2322 a
1397 2290 1601 2332 sanguinariis
1633 2288 1815 2330 impetravit
1848 2297 1954 2319 necem
1986 2291 2146 2319 cruentam

1125 2338 1153 2369 5.
1178 2337 1264 2377 Sept.
1290 2336 1376 2367 1792.

1447 2403 1482 2433 ln
1507 2402 1650 2433 restituta
1673 2400 1832 2431 societate.

1206 2465 1347 2494 Nicolaus
1365 2465 1450 2493 Tuite
1468 2464 1504 2493 de
1522 2463 1728 2498 Mae-carum,
1746 2460 1875 2492 Dublini
1893 2463 1986 2491 natus
2004 2459 2052 2490 21.
2072 2457 2147 2499 Maj.

1128 2509 1214 2546 1769,
1240 2518 1309 2539 011111
1335 2512 1423 2548 patre
1448 2506 1604 2548 profectus
1629 2505 1782 2543 Tolosam,
1807 2505 1910 2536 factus
1935 2508 1982 2535 est
2006 2502 2149 2535 sacerdos

1128 2554 1214 2591 1814,
1238 2552 1361 2584 Jesuita
1384 2553 1409 2583 7.
1423 2551 1495 2583 Feb.
1520 2551 1606 2588 1818,
1631 2554 1662 2582 et
1684 2559 1796 2590 magno
1819 2559 1889 2580 cum
1912 2558 2054 2580 successu
2077 2557 2149 2578 con-

1128 2597 1283 2634 ferentias,
1300 2606 1376 2638 quas
1387 2596 1504 2634 dicunt,
1519 2595 1631 2627 habuit
1644 2595 1675 2625 in
1686 2593 1795 2626 Gallia.
1812 2593 1832 2634 †
1845 2592 1987 2625 Anesiaci
2002 2591 2150 2633 21.Apri-

1128 2643 1164 2674 lis
1187 2642 1273 2673 1833.

1207 2696 1356 2725 Xaverius
1383 2702 1401 2724 a
1428 2694 1600 2730 Ravignan‚
1628 2696 1693 2723 nat.
1722 2692 1749 2723 1.
1778 2691 1852 2722 Dec.
1881 2690 1959 2722 1795
1988 2689 2149 2730 Bayonne,

1128 2740 1275 2781 magister
1295 2738 1434 2780 equitum
1456 2738 1486 2768 in
1509 2737 1645 2769 exercitu
1668 2734 2078 2777 (Cavauerie-Lieutenant),
2103 2733 2151 2774 ju-

1128 2785 1214 2822 rista,
1234 2783 1369 2821 clericus,
1389 2784 1415 2814 2.
1436 2782 1515 2814 Nov.
1536 2782 1612 2813 1822
1631 2780 1762 2812 Jesuita.
1796 2779 1888 2811 Anno
1907 2779 1984 2811 1837
2003 2777 2152 2810 successit

1129 2829 1217 2860 Patri
1235 2827 1417 2859 Lacordaire
1436 2826 1468 2858 in
1486 2826 1608 2867 pulpito
1626 2824 1771 2857 Ecclesiae
1788 2824 1931 2856 Dominae
1951 2823 2074 2855 Nostrae
2092 2822 2152 2853 Pa-

1129 2873 1218 2905 risiis.
1258 2872 1277 2913 †
1298 2871 1422 2903 Parisiis
1443 2871 1489 2903 26.
1511 2870 1586 2902 Feb.
1608 2870 1695 2901 1858.

1214 2931 1365 2967 Josephus
1388 2930 1482 2965 Felix,
1506 2932 1570 2959 nat.
1596 2927 1643 2959 28.
1668 2926 1756 2958 Junii
1778 2926 1864 2964 1810,
1888 2925 1966 2966 ingr.
1992 2924 2040 2955 29.
2065 2923 2151 2964 Sept.

100 2982 242 3012 Claudius
258 2982 294 3012 de
309 2982 466 3018 Ligendes‚
479 2983 544 3011 nat.
562 2979 686 3010 Molinae
702 2979 791 3016 1591,
806 2977 884 3019 ingr.
899 2977 987 3014 1607,
1006 2986 1085 3007 unus
1132 2975 1218 3012 1837,
1246 2974 1285 3005 ab
1312 2983 1393 3004 anno
1420 2973 1497 3003 1856
1524 2971 1723 3003 concionator
1748 2969 2002 3002 conferentiarius
2028 2968 2060 2999 in
2087 2967 2152 2999 aede

61 3035 100 3057 ex
120 3025 381 3057 instauratoribus
403 3034 486 3056 sanae
507 3023 735 3066 praedicationis
755 3023 787 3054 in
809 3021 922 3054 Gallia.
957 3021 976 3062 †
998 3021 1084 3052 1660.
1133 3020 1168 3051 Β.
1190 3019 1231 3050 Μ.
1255 3018 1291 3050 V.
1314 3017 1447 3049 Parisiis.
1489 3016 1509 3058 †
1532 3015 1643 3048 Insulis
1665 3016 1693 3048 6.
1716 3015 1779 3047 Jul.
1803 3014 1890 3046 1891.

544 3112 603 3145 601

1615 3105 1674 3137 602
