2372 3550
44 260 2126 280 Μω-

113 324 271 360 Hispania,
292 322 450 352 Lusitania
597 320 770 355 Germania,
792 320 931 356 Belgium
1115 318 1237 354 Anglia,
1258 317 1385 348 Polonia
1462 283 1494 390 <¹
1664 314 1824 344 missiones
1844 313 1959 343 exterae

538 447 615 478 1629
632 447 743 478 Petrus
760 447 907 485 Pazman,
924 447 989 487 ipse
1023 446 1109 477 1630.
1137 446 1164 477 9.
1193 445 1264 476 Jan.
1292 446 1384 476 Mich.
1412 445 1474 474 Ra-

45 496 120 527 1631
142 495 319 526 Tarraeonoe
334 503 428 534 grave
446 492 505 523 dis·
558 496 652 522 antea
669 491 843 523 membrum
861 491 890 523 S.
910 491 939 523 J.
959 496 990 522 et
1042 492 1180 521 falowiez
1212 493 1244 520 et
1276 488 1369 520 Coad.
1402 490 1474 519 Sur·
1507 486 1584 518 1633
1599 486 1737 517 Andreas
1753 485 1849 516 Wha'te
1863 485 1903 516 fit
1917 484 2128 516 missionarius

63 539 175 571 sidium
199 539 281 570 inter
305 537 505 578 archiepisco·
558 536 696 577 ejusdem
738 545 858 576 semper
899 535 989 567 bene·
1042 536 1166 571 giowiez
1204 543 1223 564 a
1260 532 1463 564 schismaticis
1525 531 1558 562 in
1587 530 1791 571 Marylandia,
1823 534 1933 570 agente
1962 528 2130 569 perillustri

63 594 137 625 pum
152 587 184 615 et
197 582 360 614 canonicos
374 581 503 613 tollitur.
557 580 666 618 factor,
743 580 989 620 archiepiscopus
1044 579 1151 610 Russis
1170 577 1396 609 comburuntur
1414 576 1474 607 No-
1527 575 1647 607 Caecilio
1677 574 1855 606 Baltimore.

63 647 101 650 —
130 627 234 658 Missio
265 628 282 658 2
312 626 443 657 Patrum
473 625 505 656 in
557 624 784 666 Strigoniensis‚
869 628 991 655 creatur
1043 622 1226 664 vogrodecii.

63 672 212 704 Canarias
227 670 352 702 insulas.
558 669 739 701 Cardinalis.
1509 663 1646 701 Armeni,
1674 663 1752 694 moti
1778 673 1797 694 a
1823 662 1962 700 Jesuitis,
1990 661 2130 693 scribunt

1529 708 1656 740 Urbano
1687 707 1776 739 VIII.
1808 710 1951 748 petentes
1984 706 2129 737 unionem

539 759 570 790 C.
594 758 789 798 Amberqense
811 760 842 789 et
862 756 991 788 Landis-
1529 763 1599 784 cum
1621 752 1769 784 Ecclesia.

42 804 278 846 Pauperrimum
315 805 346 836 C.
376 802 507 834 Portaze-
558 803 713 834 hutanum.

61 859 163 890 yrense
175 848 301 890 (Lusit.)
317 857 430 889 magno
448 857 516 888 pro-

63 897 160 925 ventu
181 893 335 924 fimatur.
539 891 696 923 1620—30
723 890 935 930 Falkenhaqen
960 893 991 920 et
1508 886 1585 917 1635
1608 887 1638 918 C.
1660 885 1840 924 Quebeeense
1861 884 1893 915 in
1916 884 2053 921 Canada,
2077 883 2130 914 ubi

558 936 668 967 vicinae
687 935 825 976 regiones
846 934 992 966 Ecclesiae
1526 930 1611 961 fiunt
1648 929 1756 961 multa-3
1796 928 2058 967 ‚‚Reducti0nes“‚
2100 932 2131 959 et

557 980 804 1011 reconciliantur.
1527 975 1742 1006 conversiones
1773 973 2038 1015 Hugonottorum.
2070 972 2131 1003 Sed

1526 1019 1679 1060 indigenae
1714 1018 1839 1055 Irokesi,
1878 1017 1917 1049 ab
1954 1017 2063 1058 Anglis
2100 1021 2131 1047 et

539 1069 616 1100 1630
638 1070 668 1100 C.
689 1068 911 1108 Auyustanum.
1528 1063 1691 1095 Hollandis
1709 1063 1847 1099 excitati,
1865 1061 2070 1093 inimicissimi
2087 1071 2131 1092 re-

1527 1112 1656 1139 manent
1674 1107 1850 1138 christianae
1867 1106 2015 1147 religioni.

44 1159 81 1190 In
93 1159 262 1191 Dusitam'ae
274 1158 437 1199 provincia
450 1168 505 1189 nu-
539 1158 615 1189 1631
642 1159 690 1189 Pr.
716 1156 890 1188 Germaniae
915 1156 988 1196 Sup.
1026 1155 1099 1186 1631
1129 1153 1281 1185 cracovtae
1308 1153 1389 1184 inter
1414 1151 1470 1183 dif-

62 1204 266 1235 merabantur
558 1201 638 1233 bello
649 1201 768 1233 suecico
780 1200 914 1232 multum
927 1204 991 1231 tur·
1042 1198 1201 1230 ficultates
1210 1208 1279 1230 cum
1293 1197 1398 1229 fructu
1412 1197 1475 1228 ani·
1511 1197 1545 1228 In
1565 1196 1755 1236 Paraquarz'a
1772 1196 1847 1227 novi
1864 1205 2020 1227 successus
2041 1195 2132 1227 ,Phil-

251 1256 329 1287 1623
369 1255 447 1287 1633
558 1246 661 1284 batur,
687 1245 822 1277 maxime
845 1245 877 1276 in
902 1255 990 1285 supe·
1043 1253 1166 1275 marum
1196 1242 1367 1279 laboratur,
1403 1241 1474 1272 Leo·
1529 1242 1619 1282 ippus
1638 1241 1680 1272 IV
1684 1267 1689 1272 .
1715 1241 1852 1272 Indianis
1878 1240 2020 1271 concedit
2046 1249 2133 1271 arma

126 1311 192 1342 Sac-
261 1309 319 1340 256
380 1309 438 1340 260
557 1291 635 1322 riore
654 1290 846 1321 Palatinatu.
867 1308 905 1311 —
924 1289 991 1320 Ori·
1043 1288 1107 1328 poli
1179 1287 1220 1318 ad
1287 1286 1474 1317 abolendum
1529 1296 1598 1317 cum
1621 1285 1747 1326 pulvere
1769 1285 1866 1326 pyrio.

127 1355 226 1385 smol·
262 1354 319 1385 216
380 1353 436 1384 241
559 1337 651 1367 turc.
661 1334 859 1375 Straubz‘nqae.
876 1334 991 1365 —Col-
1044 1332 1178 1364 schisma
1199 1332 1417 1362 Armenorum.
1437 1349 1474 1351 —

122 1400 212 1430 Goad·
262 1398 319 1429 162
381 1398 436 1428 161
558 1378 913 1429 1000111111.ωοωοῐᾶ6110
929 1378 991 1409 Gu-
1045 1379 1076 1410 C.
1102 1377 1273 1408 Pinscense.

122 1460 203 1492 socii
261 1460 319 1491 634
380 1459 437 1491 662
557 1423 992 1508 Jifflnzssissfsffffisssssaffi

558 1512 756 1550 Eichsfeldia‚
786 1512 839 1543 ubi
865 1513 896 1544 C.
919 1511 992 1542 Hei-
1515 1508 1547 1539 ln
1563 1509 1659 1538 china
1674 1507 1794 1548 aliquot
1809 1506 1938 1538 Jesuitae
1952 1506 2134 1547 gaudebant

558 1557 793 1598 Ziqenstadiensa
819 1560 851 1588 et
870 1556 937 1587 aliae
954 1558 991 1588 D.
1028 1555 1100 1587 1631
1143 1554 1235 1586 Multi
1276 1553 1345 1584 libri
1381 1551 1472 1584 utiles
1530 1552 1655 1593 speciali
1692 1551 1798 1583 favore
1836 1551 2045 1591 Imperatoris.
2084 1551 2133 1582 Sic

1048 1609 1105 1641 pro
1123 1599 1237 1639 Anylia
1253 1598 1285 1630 in
1301 1597 1406 1639 Belgio
1421 1597 1476 1628 im-
1534 1596 1820 1637 Tsehmzq-Tsehiny
1832 1596 1908 1626 1629
1920 1595 2067 1636 adjunxit
2078 1595 2101 1626 J
2103 1605 2134 1626 α-

541 1647 641 1687 Praya
651 1645 996 1687 exularecogunturJe-
1046 1643 1236 1685 priinuntur.
1530 1641 1632 1672 cobwn
1658 1641 1722 1672 Rho
1747 1641 1780 1682 (†
1805 1640 1895 1680 1638)
1920 1643 1952 1671 et
1980 1641 2134 1671 Joannem

561 1691 659 1723 suitae.
680 1710 718 1713 —
738 1689 883 1722 Haeretici
902 1689 993 1721 multi
1530 1687 1684 1716 Adamum
1721 1686 1820 1716 sehall
1851 1684 2060 1715 commissioni
2093 1684 2133 1715 ad

562 1739 788 1767 convertuntur
802 1735 833 1765 in
850 1733 993 1765 Bohemia
1531 1730 1751 1762 correctionem
1791 1728 1973 1761 Calendarii.
2027 1729 2134 1760 Novus

562 1784 594 1812 et
614 1779 750 1812 Austria.
1528 1775 1601 1806 item
1613 1775 1748 1815 dynasta
1755 1772 2074 1811 Sehzm-TiTartarus,
2082 1782 2136 1814 per

1531 1819 1727 1851 rebellionem
1763 1819 1840 1849 1644
1874 1818 1906 1849 in
1943 1817 2044 1849 locum
2079 1817 2135 1858 dy-

1533 1864 1641 1895 nastiae
1655 1863 1740 1904 Ming
1754 1862 1915 1900 suffectus,
1931 1862 1960 1894 J.
1977 1862 2134 1893 Adamum

46 1913 123 1944 1633
144 1913 304 1945 Missiones
325 1913 433 1945 multae
453 1923 508 1954 per
541 1914 617 1945 1632
644 1913 833 1953 Ebersperyoe
863 1912 902 1943 ab
933 1912 992 1943 hae-
1030 1911 1103 1943 1632
1127 1910 1163 1942 In
1185 1910 1298 1951 Anglia
1317 1909 1397 1941 Socii
1415 1908 1479 1939 val·
1532 1908 1635 1940 Schall
1668 1907 1876 1939 consiliarium
1910 1910 1941 1938 et
1974 1906 2135 1947 praesidem

65 1958 167 1989 varias
184 1958 322 1999 regiones
339 1957 508 1989 Dasitam'oe
560 1958 662 1990 reticis
678 1961 808 1989 necatur
822 1957 994 1997 Coadjutor
1046 1956 1083 1987 de
1097 1955 1222 1997 quidem
1236 1955 1353 1990 vexati,
1371 1953 1477 1984 catho-
1533 1952 1696 1984 tribunalis
1710 1951 1925 1983 mathematici
1939 1951 2134 1982 nominatum

65 2012 135 2034 cum
156 2011 269 2044 magno
289 2002 393 2034 fructu
414 2001 505 2034 fiunt.
561 2002 681 2034 Blasius
698 2001 861 2043 Schelling.
880 2020 918 2023 -—
936 2001 993 2032 Ve-
1047 2000 1120 2032 licos
1163 2004 1268 2031 tamen
1310 1998 1475 2038 adjuvant,
1533 1997 1714 2028 correctioni
1727 1995 1901 2028 Calendarii
1914 1995 2057 2026 ultimam
2072 2005 2135 2026 ma-

560 2047 702 2078 xationes
713 2046 820 2078 multae
830 2046 869 2077 ob
880 2045 994 2077 bellum
1044 2044 1206 2076 haereticos
1224 2043 1335 2075 saltem
1348 2042 1408 2074 430
1421 2042 1477 2073 Ec·
1533 2052 1606 2073 num
1630 2042 1787 2082 imponere
1808 2040 1909 2081 jussit.

559 2091 591 2123 in
601 2091 752 2123 Pnlzhem·
759 2091 865 2131 Super.
877 2090 1002 2129 etlnjer.
1048 2089 1146 2121 clesiae
1169 2087 1381 2120 reconciliant.

543 2180 650 2221 Praqae
665 2184 697 2212 et
712 2180 785 2211 alibi
800 2180 832 2211 in
849 2179 999 2211 Bohemia
1513 2175 1659 2206 Florebat
1709 2179 1783 2206 tune
1820 2173 1934 2205 Christi
1971 2172 2059 2210 fides,
2104 2176 2136 2204 et

562 2235 607 2257 res
636 2224 801 2257 Societatis
830 2224 862 2255 in
892 2223 994 2265 prieti·
1532 2229 1551 2250 a
1575 2219 1646 2250 solis
1672 2219 1801 2250 Jesuitis
1828 2217 1980 2259 baptizati
2006 2217 2135 2249 150.000

563 2280 637 2301 num
660 2268 876 2300 restituuntur.
1532 2264 1727 2305 regebantur.

48 2402 135 2434 1634.
151 2403 198 2434 27.
214 2402 288 2443 Maj.
305 2402 325 2444 †
340 2402 510 2434 Conimbri-
543 2403 619 2434 1633
630 2401 997 2443 FerdinandiII.epist0-
1512 2397 1594 2437 (Hoc
1632 2401 1771 2438 tempore
1808 2395 1945 2427 Andreas
1982 2394 2133 2426 Xaverius

68 2456 111 2478 cae
126 2447 260 2477 Didacus
276 2448 436 2484 Monteiro,
465 2456 509 2478 re·
562 2447 592 2478 la
611 2446 818 2478 consolatoria
837 2445 877 2477 ad
896 2446 994 2478 Gene-
1531 2441 1657 2481 Kosjle‘r,
1680 2440 1911 2482 acceptissimus
1931 2439 2070 2480 antiquae
2089 2439 2134 2470 fa—

67 2490 192 2532 ligiosus
213 2491 512 2532 summaeperfectio-
561 2491 656 2523 ralem
682 2491 714 2522 in
740 2490 994 2522 tribulationibus
1531 2486 1623 2517 miliae
1653 2484 1802 2526 imperiali
1830 2485 1930 2525 Ming,
1958 2483 2134 2524 baptizavit

67 2536 124 2573 nis,
139 2535 238 2567 clarus
253 2535 401 2576 magister
416 2535 509 2567 Novi·
561 2536 735 2568 Societatis.
1531 2530 1758 2571 imperatricem
1790 2528 1940 2561 Helenam
1971 2533 2003 2559 et
2033 2527 2133 2558 filium

68 2579 193 2618 tiorum,
228 2580 343 2611 Rector
374 2584 406 2611 et
437 2580 510 2611 Pro·
1531 2575 1725 2616 imperatoris
1746 2573 2012 2613 Constantinum.)

68 2624 207 2656 vincialis
228 2624 405 2656 Lusitaniae.

548 2757 744 2789 1633—1636
751 2757 935 2788 Paderbona
943 2765 994 2787 ex·
1511 2752 1554 2783 At
1574 2756 1698 2784 mortuo
1712 2752 1788 2783 1661
1802 2750 1973 2788 Selium-Ti,
2001 2749 2134 2790 odioque

561 2802 643 2843 pulsi
668 2801 707 2833 ab
732 2801 840 2833 Hassis
866 2800 995 2832 exulant
1531 2806 1586 2828 suo
1610 2806 1665 2837 per
1688 2796 1707 2827 3
1731 2805 1828 2827 annos
1853 2793 2059 2832 dissimulato,
2085 2798 2134 2825 tu-

562 2846 700 2878 Jesuitae.
1532 2845 1612 2872 tores
1640 2840 1788 2882 principis
1815 2839 1944 2871 haeredjs
1974 2837 2132 2880 Kang-Hi,

1531 2885 1632 2917 adhuc
1663 2885 1760 2927 pueri,
1792 2883 2039 2925 persecutionem
2070 2891 2134 2913 mo-

1530 2933 1643 2961 verunt
1660 2933 1691 2961 et
1708 2933 1770 2961 tres
1782 2928 1920 2960 Jesuitas
1938 2926 2052 2964 Sohall,
2072 2926 2134 2957 Bu-

1529 2973 1600 3015 glio,
1614 2973 1815 3015 Magalhaens
1838 2971 2019 3014 gravissime
2047 2980 2134 3002 accu-

1531 3023 1648 3050 sarunt.

255 3111 314 3144 174
740 3112 797 3145 175
1224 3109 1282 3143 176
1787 3107 1844 3138 177
