2372 3550
131 287 289 323 Hispania,
310 285 468 316 Lusitania

65 414 141 446 1637
167 412 326 444 Eborensis
350 414 381 444 0.
406 411 522 449 incolae,

84 458 232 490 seditione
244 461 353 488 contra
362 466 464 497 regem
476 466 524 487 ca-

84 502 233 534 tholicum
271 505 388 539 exorta,
427 500 514 541 gravi

83 545 217 587 periculo
240 548 446 586 exponuntur.

66 899 143 930 1640
164 898 214 930 Ex
236 900 267 931 C.
290 898 526 938 Compostellano

85 943 206 984 aliquot
232 943 341 975 Patres
370 943 526 974 dicecesim

85 987 361 1019 Glandomitanam
384 997 439 1029 per
461 987 526 1018 dies

85 1032 123 1063 40
161 1032 371 1070 excoluerunt,
423 1042 526 1073 quam,

86 1079 165 1108 teste
187 1076 340 1117 episcopo,
364 1076 527 1117 disjectam

87 1121 265 1162 disposuere
282 1125 314 1152 et
325 1120 523 1161 subegerein-

87 1165 213 1197 cultam.

69 1476 146 1507 1640
181 1476 218 1507 In
252 1475 415 1507 Lusitania
448 1476 530 1507 inter

88 1520 196 1552 turbas
212 1520 246 1551 in
262 1520 401 1551 favorem
419 1520 529 1551 domus

88 1564 250 1606 Braganza
261 1564 463 1596 Provincialis
477 1564 530 1596 So-

88 1609 149 1640 cios
183 1608 276 1650 jussit
307 1609 433 1640 omnino
462 1609 530 1640 abs-

88 1653 186 1685 tinere
204 1653 243 1685 ab
262 1653 345 1685 omni
364 1653 531 1695 participa-

89 1698 183 1730 tione.
211 1698 319 1729 Novus
345 1701 452 1729 tamen
477 1708 531 1729 rex

89 1742 226 1774 Joannes
237 1742 290 1774 IV.
301 1742 451 1774 Societati
461 1742 536 1773 ami-

88 1786 226 1818 cissimus
244 1786 314 1825 fuit,
328 1787 391 1818 imo
405 1786 532 1818 Jesuitis

87 1831 232 1873 politicas
261 1831 420 1863 missiones
451 1841 532 1863 oom-

89 1875 183 1908 misit.
203 1875 249 1907 Ne
266 1875 349 1907 hisce
366 1875 458 1907 rebus
476 1876 532 1906 im-

87 1920 264 1962 plicaretur,
272 1922 426 1951 Antonius
433 1922 533 1951 Vieira

89 1974 109 1996 a
136 1964 279 1997 Generali
306 1964 339 1996 in
369 1964 532 1996 Brasiliam

89 2009 200 2041 missus
221 2012 277 2048 est,
298 2008 353 2040 ubi
373 2012 532 2041 strenuam

90 2063 215 2095 operam
236 2053 377 2085 navavit.

74 2320 150 2351 1642
161 2319 354 2352 Salmanticae
365 2320 446 2351 Socii
457 2320 534 2351 duce

94 2365 225 2396 Rcctore
251 2364 344 2396 Petro
370 2364 533 2402 PimenteL

92 2408 289 2450 gravissimos
311 2412 420 2440 contra
439 2409 535 2450 magi-

93 2456 210 2485 stratus
242 2456 274 2485 et
304 2453 421 2495 judices
453 2462 535 2484 com-

93 2501 224 2539 pescunt
242 2497 427 2529 scholarium
446 2501 477 2529 et
495 2497 535 2529 ci-

94 2542 180 2573 vium
201 2541 364 2574 tumultus.

283 3073 341 3105 182

614 285 788 320 Germania,
809 285 949 320 Belgium

635 443 676 468 Pr.
696 443 829 468 Bohemiae
849 443 926 468 1636.

610 494 711 527 Praqae:
730 496 792 526 Dpr.
811 496 839 520 et
855 496 882 521 G.
896 495 922 521 S.
937 494 993 520 Cle-

573 530 678 560 mentis,
687 532 714 556 et
720 530 917 565 Neopragense3
928 532 993 562 pr.

573 564 727 596 anensis;

606 610 633 635 C.
664 609 846 640 olomucense,
868 610 994 635 'Crumlo-

573 644 672 676 viense,
685 645 923 676 Commotoviense,
940 645 994 671 No-

573 680 994 712 vodomensefilacense,Nissen-

573 723 610 747 se,
647 715 809 747 Giezfflense,
847 716 994 751 Iglaviense

574 751 747 784 Znoymenso,
754 752 778 777 K
782 752 994 786 uttenbergense,

572 787 755 820 Glogoviensc,
772 788 931 821 Saganense,
944 787 995 821 Eg-

572 830 657 853 rense‚
675 822 868 854 Cremsiriense,
883 823 996 857 Regino-

574 857 754 889 Hradecense3

607 904 640 928 R.
664 902 884 934 Litomericensis,
909 903 996 937 Oppa-

574 945 684 969 vien51s;

608 984 643 1008 M.
671 982 857 1013 Sudinicensis,
884 982 996 1015 Oppers-

574 1017 712 1049 torffizma3

682 1070 739 1096 Sao.

682 1105 768 1132 Schol.

682 1140 761 1167 Coad.

683 1189 751 1216 Socii

840 1071 888 1095 211

840 1106 890 1132 269

842 1141 891 1167 144

843 1190 891 1215 624

563 1386 639 1417 1638
671 1385 800 1426 Traffeetz'
827 1386 867 1417 ad
894 1386 1013 1418 Mosam

580 1429 613 1461 J.
626 1429 662 1461 Β.
675 1429 813 1461 Boddens
824 1434 856 1462 et
865 1429 1013 1462 Gerardus

581 1475 717 1505 Pasman
730 1475 769 1505 ab
783 1474 946 1507 Hollandis
960 1475 1015 1506 fal·
1048 1475 1125 1505 1640
1157 1474 1322 1506 Societatis
1355 1479 1499 1506 centena-

582 1529 615 1550 so
633 1519 781 1557 accusati,
800 1519 888 1560 quasi
905 1520 1012 1551 urbem
1066 1519 1145 1550 rium
1183 1520 1239 1550 lum
1276 1519 1386 1550 festive
1425 1519 1499 1550 cele-

1068 1564 1175 1595 bratur
1185 1573 1203 1594 a
1211 1573 1290 1604 rege,
1302 1563 1510 1604 magnatibus,

583 1563 792 1595 obsessoribus
816 1564 938 1595 tradere
962 1574 1014 1595 vo-

582 1608 720 1646 luissent,
748 1612 847 1639 morte
873 1608 1015 1639 afficiun-

584 1657 644 1684 tur.
658 1652 700 1683 Et
710 1653 847 1684 Societas
859 1653 931 1684 inde
943 1663 1015 1684 exu-

583 1697 630 1728 lat
651 1707 748 1738 usque
769 1697 809 1728 ad
831 1698 917 1729 1673.

566 1830 643 1861 1640
663 1829 831 1862 Occasione
846 1830 895 1862 1¹¹⁸
915 1834 1016 1862 cente-

584 1875 663 1906 narii
701 1875 730 1907 5.
764 1875 793 1906 J.
839 1875 1017 1916 publicatur

586 1921 712 1958 „Imago
751 1921 840 1957 primi
878 1920 1015 1952 saeculi.“

567 2142 642 2173 1641
655 2141 788 2173 Coloniae
798 2145 909 2182 praeter
921 2142 1022 2183 quoti-

586 2186 694 2217 dianos
722 2185 755 2216 in
782 2187 814 2218 C.
842 2190 874 2217 ot
901 2186 1017 2227 templo

586 2230 705 2262 labores
721 2231 757 2261 12
770 2230 887 2262 dissitis
900 2241 955 2272 per
968 2241 1018 2262 ur-

586 2275 657 2306 bem
678 2274 752 2306 locis
774 2285 882 2306 sexum
899 2279 1017 2306 utrum-

588 2329 646 2360 que
695 2319 918 2351 catechismum
965 2320 1018 2351 do-

587 2367 672 2401 cent;
696 2374 751 2395 nec
774 2363 873 2395 solum
896 2364 928 2395 in
951 2364 1019 2405 ipsa

587 2408 672 2446 urbe,
691 2408 744 2439 sed
772 2408 868 2439 etiam
896 2408 959 2440 ruri
987 2409 1018 2440 in

586 2452 673 2494 pagis
687 2452 906 2493 compluribus.
921 2472 959 2475 —
972 2453 1019 2485 Ci-

587 2497 673 2528 vium
694 2496 843 2528 sodalitas
864 2498 931 2535 500,
955 2497 1018 2538 opi-

1022 252 1109 364 [A

587 2541 682 2573 ficum
693 2541 851 2582 juniorum
862 2542 921 2572 300
932 2542 1029 2573 socios

587 2589 740 2624 numerat,
755 2585 848 2617 floret
862 2586 957 2617 etiam
972 2596 1019 2617 so-

587 2630 701 2661 dalitas
722 2630 861 2661 militum.

767 3072 825 3104 183

1132 284 1254 320 Anglia,
1275 283 1402 314 Polonia

1042 499 1118 529 1639
1142 499 1318 530 Ludovicus
1341 499 1435 530 XIII.
1461 502 1492 529 et

1063 543 1220 574 Richelieu
1241 543 1440 574 intercedunt
1462 553 1492 574 a-

1060 587 1126 628 pud
1146 587 1255 619 Succos
1276 597 1331 628 pro
1353 587 1490 618 Jesuitis.

1067 1608 1181 1649 populo
1206 1608 1350 1640 Polomtoe.

1679 282 1839 311 Missiones
1860 282 1977 311 exterae

1524 409 1687 441 Sententia
1717 409 1763 440 15.
1795 408 1869 449 Apr.
1902 409 1979 439 1665
2009 418 2144 449 pronun-

1545 454 1625 485 tiata
1649 453 1870 484 condemnavit
1892 453 1952 484 PP.
1980 453 2089 493 Buglio
2114 457 2145 484 et

1544 497 1744 539 Magalhaens
1775 497 1815 528 ad
1858 497 2071 537 vapulandum
2114 502 2145 528 et

1545 542 1670 573 exilium
1698 542 1731 573 in
1761 542 1949 578 Tartariam;
1979 541 2013 572 P.
2043 541 2147 573 Schall

1545 590 1649 618 autem
1674 586 1714 617 ad
1736 590 1868 617 mortem
1891 585 2144 623 crudelissimam,

1546 630 1660 672 quippe
1685 630 1738 671 qui
1761 629 1960 661 membratim
1985 630 2146 661 conciden-

1546 675 1603 706 dus
1632 679 1720 706 esset.
1775 674 1928 705 Exeoutio
1957 674 2031 705 forti
2058 678 2148 705 terrae

1544 723 1633 750 motu
1665 722 1697 750 et
1726 718 1868 750 incendio
1898 717 2011 759 palatii
2041 722 2147 750 tamen

1544 763 1697 804 impedita
1712 767 1744 794 et
1760 763 1792 794 in
1809 762 1936 794 exilium
1953 766 2148 794 commutata

1546 808 1615 839 fuit.
1635 807 1739 839 Schall
1756 817 1828 838 vero
1848 806 2013 847 apoplexia
2030 811 2062 838 et
2080 807 2148 838 aliis

1546 852 1661 883 morbis
1678 851 1787 883 Pekini
1804 861 1876 882 mox
1893 851 2052 883 confectus
2070 851 2149 883 obiit

1547 897 1593 929 15.
1616 897 1694 937 Aug.
1718 896 1804 927 1666.

1529 985 1687 1026 Kany-Hi,
1700 994 1792 1025 regno
1804 984 1925 1025 potitus
1937 984 2005 1015 istis
2016 985 2149 1016 inimicis

1548 1030 1664 1071 punitis
1703 1033 1935 1070 retractataque
1985 1029 2149 1060 tribunalis

1548 1074 1703 1106 sententia
1724 1073 1801 1105 bene
1822 1073 1968 1104 meritum
1989 1073 2150 1105 missionu-

1548 1119 1628 1150 rium
1663 1122 1695 1150 et
1728 1118 1856 1149 doctum
1890 1117 2149 1149 mathematicum

1550 1164 1626 1194 1669
1650 1162 1818 1194 honorifice
1843 1162 1875 1193 in
1900 1162 2038 1194 Ecclesia
2061 1162 2151 1194 Peki-

1549 1208 1635 1239 nensi
1657 1207 1777 1247 sepeliri
1797 1206 1898 1247 jussit.

1536 2141 1610 2172 1641
1635 2140 1853 2173 Controversia
1875 2150 1945 2171 cum
1969 2140 2156 2170 Bernardino

1555 2187 1590 2216 de
1624 2187 1784 2222 Camenas,
1817 2184 1978 2225 illegitimo
2013 2183 2155 2225 episcopo

1554 2229 1794 2271 iis-sumptionis,
1814 2229 1846 2260 in
1866 2239 1960 2270 quam
1979 2228 2074 2260 etiam
2095 2228 2156 2259 Pa-

1555 2275 1637 2313 lasoa:
1650 2274 1821 2315 Episcopus
1834 2272 2110 2314 Angelopolitanus
2123 2272 2155 2303 in

1554 2319 1673 2350 Mexico
1702 2329 1733 2350 se
1754 2318 1932 2349 immiscuit.
1970 2318 2031 2349 Res
2053 2317 2156 2358 sopita

1555 2373 1616 2395 11011
1634 2363 1695 2394 fuit
1711 2367 1785 2394 ante
1802 2363 1889 2400 1665,
1908 2362 2033 2404 quando
2051 2361 2154 2393 missio

1555 2408 1594 2439 ob
1608 2417 1675 2439 eam
1689 2407 1790 2439 multa
1801 2407 1885 2438 mala
1896 2406 1960 2447 jam
1973 2416 2066 2448 passa
2077 2409 2153 2438 erat.

1052 2630 1128 2662 1643
1143 2630 1234 2662 Joan.
1251 2630 1427 2667 Casimirus,
1443 2629 1503 2661 fra·
1536 2630 1613 2661 1643
1640 2631 1794 2660 Antonius
1806 2630 1928 2659 Rubino
1947 2638 2018 2660 cum
2030 2628 2049 2659 4
2061 2627 2157 2659 Sociis

1072 2679 1119 2706 ter
1133 2675 1269 2707 Ladislai
1287 2675 1349 2712 IV.,
1368 2675 1504 2706 Polomae
1555 2674 1588 2705 in
1605 2673 1744 2714 Japom'a
1764 2673 1885 2705 heroice
1908 2672 2098 2714 profitentur
2120 2671 2157 2703 fi-

1071 2719 1159 2761 regis,
1196 2719 1368 2761 ingreditur
1403 2719 1504 2750 Socie-

1072 2767 1170 2795 tatem
1205 2764 1374 2805 (egreditur
1402 2763 1500 2804 1645).

1249 3073 1307 3105 184

1557 2718 1627 2750 dem
1650 2717 1767 2759 proditi
1790 2717 1829 2749 ab
1853 2720 2000 2758 apostata
2022 2716 2157 2748 Christo-

1555 2763 1654 2804 phoro
1675 2762 1823 2794 Ferreira.

1827 3070 1884 3104 185
