2372 3550
240 329 380 359 Historia
400 328 659 366 contemporanea

778 306 896 336 Summi
917 306 1094 343 Pontifices,

769 351 892 380 Litterae
914 350 1100 386 Apostolieae

1177 289 1337 343 Preepositi
1357 306 1388 336 et
1409 305 1667 342 congregationes

1339 350 1503 381 Generales

1880 329 1981 365 ltalia,
2001 329 2099 359 Gallia

173 455 259 488 1891.
282 456 329 488 14.
351 456 443 488 Mart.
465 455 485 497 1-
506 455 716 488 Lud.Windt-
750 454 827 487 1893
843 454 1029 487 Solemuitas
1045 454 1123 487 Bea-
1156 455 1205 488 Ob
1219 458 1397 498 temporum
1411 455 1615 488 difficultates
1628 455 1689 488 Lu·
1722 456 1809 488 1892.
1825 456 1872 488 10.
1886 456 1962 488 Feb.
1988 457 2103 487 Paulus
2117 457 2267 487 Melehers

1177 500 1512 540 dovicusMartin,Vic.
1527 500 1688 542 generalis,
1742 500 1844 541 (Card.
1875 510 1894 532 a
1923 500 2013 542 1885)
2042 500 2082 532 fit
2109 500 2266 542 professus

1176 545 1363 577 convocavit
1375 544 1521 577 electores
1533 544 1688 585 Loyozam,
1730 544 1761 577 S.
1780 545 1810 577 J.
1828 545 1848 587 †
1865 545 1913 578 14.
1930 545 2006 578 Dec.
2025 545 2112 577 1895.

750 589 777 620 1.
809 588 856 621 16.
886 587 961 629 Apr.
992 588 1123 620 Antonii
1175 588 1230 621 ubi
1248 589 1364 622 electus
1382 593 1430 622 est
1447 589 1605 622 Generalis

193 500 290 532 horst.

768 499 951 531 tificationis
966 499 1007 531 ad
1020 499 1051 532 S.
1066 499 1123 532 Pe-

769 547 868 575 trum:

769 632 950 665 Baldinucci
1009 633 1122 675 (Breve

173 677 260 710 1894.
284 678 331 710 18.
355 677 419 710 Jul.
444 678 714 720 Redemptoristae,
769 677 816 710 25.
835 677 944 719 Mart.)

191 722 368 761 Lazaristae,
392 723 454 755 PP.
479 723 518 755 de
541 723 571 755 S.
597 723 716 765 Spiritu
749 722 777 754 2.
797 722 846 754 30.
866 721 941 763 Apr.
963 721 1122 764 Rudolphi

191 767 305 799 iterum
337 767 550 799 admittuntur
578 767 611 799 in
642 768 716 800 Ger·
769 766 942 808 Aquavivae
965 770 997 798 et
1019 767 1122 799 Socio-
1157 768 1184 800 2.
1204 767 1274 800 Oet.
1298 768 1376 799 1892
1394 769 1567 800 Ludovicus
1585 767 1693 801 Mar-

192 811 306 850 mania,
332 815 443 853 utpote
466 822 529 844 non
553 812 618 854 jam
643 813 716 852 „Je-
768 821 837 842 rum
859 811 933 843 MM.
957 811 1071 852 (Breve
1093 812 1120 844 2.
1176 812 1242 844 tin
1261 812 1445 854 (Hispanus,
1462 815 1528 844 nat.
1548 813 1595 845 19.
1611 812 1689 855 Aug.
1725 811 1811 843 1893.
1836 812 1883 844 16.
1908 811 1980 844 Jan.
2003 811 2143 844 Andreas
2166 811 2269 844 Stein-

1179 856 1267 895 1846,
1300 856 1379 898 ingr.
1413 857 1460 889 13.
1494 857 1564 889 Oct.
1604 858 1692 897 1864,
1743 855 1842 888 huber
1852 860 1974 888 creatur
1983 856 2197 899 Cardinalis(†
2208 857 2270 889 Ro-

1176 901 1301 940 Rector,
1321 901 1525 934 Provincialis
1544 901 1691 935 Castella-
1744 910 1804 933 mae
1821 900 1868 933 15.
1887 901 1958 933 Oct.
1977 901 2078 943 1907).

195 855 284 888 suitis
305 856 447 889 affines“.

170 990 262 1023 Russ.
283 990 432 1023 Nicolaus
458 990 500 1022 ΙΙ.
525 991 612 1024 1894.

174 1257 260 1290 1898,
286 1257 334 1290 30.
361 1257 423 1290 Jul.
449 1258 469 1299 †
493 1257 664 1291 Bismarck.

174 1436 261 1469 1899.
298 1437 345 1469 22.
382 1436 454 1469 Jan.
491 1437 718 1469 Condemnatio

194 1480 472 1520 ‚‚Americanismi“
497 1491 553 1523 per
576 1481 639 1514 litt.
667 1492 717 1524 ap.

195 1526 340 1565 „Testem
358 1525 614 1559 benevolentiae“.

172 1615 721 1658 Anqz.EduardusV11.1901-1910.

174 1705 262 1738 1901.
276 1705 324 1737 22.
338 1705 413 1738 Jun.
427 1705 493 1737 Lex
505 1705 720 1738 associationis

193 1750 226 1782 in
243 1749 346 1782 Gallia
360 1749 424 1782 fere
441 1759 546 1782 omnes
562 1750 719 1793 religiosos

195 1805 211 1827 e
238 1794 350 1827 scholis
377 1797 409 1827 et
435 1794 641 1827 conventibus
668 1805 720 1828 ex-

193 1838 293 1881 pellit.
327 1838 409 1871 Dein
427 1849 525 1881 usque
543 1839 584 1871 ad
601 1840 628 1873 3.
648 1840 717 1873 Oct.

195 1884 272 1916 1903
295 1883 406 1916 scholae
427 1884 466 1916 10
478 1884 537 1916 049
562 1884 719 1926 primariae

194 1928 393 1961 clauduntur.

176 2107 253 2139 1903
287 2106 533 2139 Mariawitarum
568 2111 653 2140 secta
687 2107 720 2140 in

196 2151 327 2184 Polonia
350 2161 447 2190 russa,
474 2161 543 2193 quae
567 2156 678 2194 postea
702 2163 721 2185 a

196 2195 346 2238 gubernio
374 2196 556 2238 protegitur.

177 2374 263 2407 1905.
281 2374 330 2407 20.
347 2374 422 2408 Dec.
439 2374 608 2407 Decretum
626 2375 717 2408 Rom.

196 2419 234 2451 de
244 2418 400 2469 frequenti
411 2422 443 2451 et
453 2419 638 2465 quotidiana
648 2430 730 2453 com-

196 2472 352 2496 musslone.

178 2641 264 2673 1906.
279 2641 307 2673 1.
321 2641 393 2674 Jan.
407 2641 568 2683 Separatio
581 2642 720 2684 perfecta

196 2684 342 2718 Ecclesiae
374 2696 394 2718 a
424 2686 518 2718 Statu
549 2686 656 2719 Gallice
688 2692 721 2720 et

198 2729 327 2763 abolitio
348 2730 543 2764 Concordati.

428 3129 488 3162 474

769 855 858 897 Apr.)

750 988 837 1021 1895.
855 990 902 1021 27.
919 989 1005 1031 Sept.
1022 989 1122 1021 Breve

770 1033 1017 1066 Beatificationis
1050 1034 1123 1066 Ber-

769 1078 892 1110 nardini
903 1078 1038 1118 Realini;
1050 1078 1126 1111 cele·
1153 1080 1341 1113 Decreta

770 1123 879 1155 bratur
911 1123 1020 1155 Romae
1052 1124 1099 1155 12.

770 1167 842 1199 Jan.
865 1167 952 1200 1896.

752 1301 838 1333 1896.
861 1302 888 1333 7.
910 1301 972 1334 Jul.
994 1305 1021 1333 S.
1033 1305 1129 1333 Petrus

773 1345 868 1372 Claver
896 1345 1047 1373 declaratur
1083 1355 1129 1381 pa-

773 1383 867 1408 tronus
885 1381 1040 1409 Missionum
1057 1382 1130 1417 apud

773 1416 901 1452 Nigritas.

751 1542 838 1574 1896.
865 1542 912 1575 11.
938 1542 1002 1575 Jul.
1052 1546 1131 1573 Nova

773 1586 902 1618 „Statuta
922 1586 976 1614 Piae
991 1587 1131 1614 Societatis

773 1622 947 1657 Apostolatus
967 1622 1129 1651 Orationis“.

752 1837 839 1869 1898.
864 1837 911 1869 15.
937 1837 1011 1870 Jun.
1040 1840 1131 1869 Indul-

772 1881 863 1943 {entia
876 1881 945 1915 plen.
961 1881 1132 1909 Novendiali-
1180 1900 1204 1928 9·

793 1925 824 1943 us
840 1917 868 1944 S.
878 1917 921 1944 Fr.
932 1917 1043 1945 Xaverii
1053 1917 1132 1945 dictis

775 1961 810 1985 „a
827 1952 940 1989 gratia“.

753 2300 839 2333 1898.
859 2300 907 2333 28.
926 2300 1001 2333 Jun.
1028 2304 1130 2332 Missio-

774 2344 856 2371 nariis
873 2344 956 2372 datur
963 2343 1079 2372 facultas
1091 2353 1131 2373 ee-

777 2379 899 2407 lebrandi
910 2380 938 2407 in
948 2380 1021 2408 navi.

754 2549 840 2583 1900.
861 2550 889 2582 8.
911 2549 985 2582 Feb.
1008 2553 1131 2581 Laudan-

775 2595 821 2620 tur
838 2593 964 2620 exercitia
984 2593 1133 2628 spiritualia

774 2637 821 2692 {³12⁰
829 2629 1018 2701 θῖρῗέιὲὶῗὲἑιιῢ
1033 2630 1061 2657 111
1071 2630 1131 2657 Gal-

912 3130 971 3163 475

1175 955 1232 985 nae,
1258 946 1449 978 substitutus
1473 946 1659 989 Secretarii).

1175 1124 1245 1157 nis
1265 1123 1485 1166 generalis
1495 1124 1657 1159 XXIV.

1174 1186 1197 1212 1.
1217 1184 1419 1212 commendatur
1428 1186 1558 1218 Generali,
1568 1188 1601 1214 ut
1610 1194 1690 1222 quam

1386 1079 1690 1122 Gongregatio-
1726 1078 1812 1111 1897.
1834 1079 1882 1111 22.
1902 1078 1981 1121 Aug.
2002 1078 2064 1111 Leo
2083 1078 2178 1111 XIII.
2199 1078 2270 1111 fun-

1745 1123 1802 1155 dat
1824 1122 1899 1156 Coll.
1924 1123 2116 1155 Leonianum
2138 1123 2172 1155 in
2195 1123 2270 1155 civi—

1745 1170 1812 1200 tate
1835 1167 1982 1209 Anaqnia
2004 1168 2143 1210 illudque
2168 1167 2271 1200 Socie-

1216 1220 1332 1255 primum
1345 1221 1404 1248 fieri
1416 1221 1509 1256 possit,
1524 1222 1638 1249 Romam
1651 1231 1690 1249 re·
1744 1212 1806 1244 tati
1826 1212 2053 1245 moderandum
2074 1212 2228 1245 concedit.

1217 1257 1351 1288 vertatur;

1176 1293 1200 1319 2.
1218 1292 1364 1319 Provinoiae
1403 1292 1585 1333 Marylandiae‚
1624 1294 1693 1321 Neo-

1218 1328 1401 1360 Eboracensis,
1431 1328 1607 1356 Missouriana
1636 1330 1694 1357 aljis

1218 1363 1479 1399 EuropaeProvineiis
1486 1365 1697 1400 aequiparantur;

1176 1400 1200 1427 3.
1220 1399 1278 1434 quis
1300 1399 1425 1434 Superior
1445 1400 1576 1427 missionis
1597 1409 1694 1428 vocan-

1219 1435 1270 1461 dus
1283 1435 1320 1462 sit
1334 1435 1369 1462 ad
1383 1436 1476 1470 Gongr.
1492 1436 1693 1471 provincialem
1727 1435 1805 1467 1900
1838 1435 1928 1468 Atlas
1962 1435 2127 1468 historicus
2161 1435 2191 1468 S.
2228 1435 2259 1468 J.

1177 1472 1201 1498 4.
1220 1470 1253 1497 de
1267 1472 1426 1506 paupertate
1440 1471 1654 1505 residentiarum;

1177 1508 1201 1535 5.
1220 1506 1253 1533 de
1269 1515 1331 1533 arca
1347 1507 1492 1534 Provineiae
1508 1509 1536 1535 et
1550 1508 1694 1541 Missionis;

1177 1544 1201 1570 6.
1220 1542 1329 1577 collegia
1353 1543 1521 1577 scriptorum,
1546 1544 1695 1571 redditibus

1219 1578 1361 1605 stabilibus
1374 1578 1478 1610 dotata,
1491 1587 1545 1606 non
1557 1581 1622 1607 sunt
1634 1588 1695 1607 con-

1219 1613 1316 1640 formia
1333 1613 1575 1642 constitutionibus
1593 1615 1650 1650 (sed
1668 1617 1696 1643 c.

1747 1479 1850 1512 editur
1870 1480 2016 1521 (Carrez).

1220 1648 1363 1677 Civilitatis
1389 1650 1531 1677 Catholicae
1557 1651 1697 1686 pontificia
1717 1658 1804 1690 1900.
1818 1658 1866 1690 26.
1880 1658 1973 1690 Mart.
1986 1657 2006 1700 †
2019 1658 2109 1690 Card.
2124 1657 2272 1690 Camillus

1222 1685 1383 1712 auctoritate
1399 1685 1523 1721 regitur);

1180 1721 1203 1749 7.
1221 1720 1405 1756 Superioribus
1430 1721 1556 1757 regularis
1582 1722 1696 1757 disoipli-
1747 1702 1896 1735 Mazzella
1915 1703 1945 1735 S.
1969 1702 1999 1735 J·

1221 1765 1257 1784 na
1261 1756 1481 1784 tuendamaxime
1487 1758 1689 1785 commendatur
1694 1767 1700 1791 ς

1179 1793 1203 1820 8.
1222 1800 1272 1827 ope
1290 1792 1471 1820 Sodalitatum
1489 1795 1615 1829 urgeatur
1633 1802 1697 1821 eura

1221 1827 1367 1863 spiritualis
1399 1829 1517 1855 virorum
1550 1830 1696 1864 praesertim

1223 1863 1402 1899 operariorum
1420 1866 1447 1891 et
1463 1873 1623 1900 pauperum;

1223 1899 1300 1926 enixe
1331 1900 1534 1927 commendatur
1575 1901 1697 1929 Generali

1227 1943 1299 1967 cura,
1328 1937 1361 1962 ut
1389 1935 1563 1964 continuatur
1584 1937 1696 1964 historia

1222 1970 1373 2003 Societatis,
1382 1971 1447 1998 item
1457 1980 1521 1999 cura
1530 1972 1563 1999 de
1573 1972 1696 2000 domibus

1223 2006 1347 2042 professis
1360 2006 1501 2042 erigendis;

1159 2043 1202 2070 10.
1220 2042 1296 2069 varia
1312 2042 1345 2069 de
1359 2042 1450 2070 studio
1466 2043 1614 2078 theologiae,
1629 2043 1695 2078 juris

1218 2077 1347 2110 canonici,
1373 2078 1489 2106 historiae
1516 2079 1698 2107 ecclesiasticae

1220 2113 1445 2146 datm-minantum

1160 2150 1200 2177 11.
1218 2149 1329 2184 vulgata
1360 2150 1588 2177 Constitutionum
1605 2151 1691 2178 versio

1220 2185 1255 2212 ad
1268 2185 1351 2212 fidem
1365 2186 1525 2221 autographi
1537 2186 1643 2222 hispani
1655 2195 1694 2214 re-

1217 2223 1400 2256 cognoscatur.

1160 2478 1347 2521 Priusquam
1361 2479 1394 2511 in
1401 2479 1527 2512 Italiam
1537 2490 1568 2512 se
1577 2480 1695 2513 confer-

1180 2527 1229 2556 ret
1247 2523 1416 2564 Generalis,
1436 2534 1507 2557 cum
1520 2525 1694 2566 permissio-

1180 2578 1220 2601 ne
1237 2568 1268 2601 S.
1287 2568 1385 2608 Sedis,
1404 2568 1548 2601 visitavit
1564 2569 1694 2601 Provin-

1181 2612 1244 2644 cias
1255 2612 1372 2652 Galliae,
1384 2612 1512 2655 Angliae,
1526 2613 1693 2653 Hiberniae,

1182 2656 1289 2699 Belgii,
1308 2657 1490 2697 Germaniae,
1511 2658 1610 2691 Italiae
1627 2668 1695 2700 sep-

1182 2701 1388 2735 tentrionalis.

1396 3130 1456 3163 476

1675 2044 1681 2049 .
1728 2014 1804 2046 1901
1827 2013 1908 2056 Lege
1930 2012 2143 2046 associationis
2165 2013 2233 2046 lata
2254 2023 2273 2046 a

1746 2058 1923 2100 reipublicae
1950 2058 2094 2097 comitiis,
2121 2058 2152 2090 S.
2181 2058 2211 2090 J.
2239 2057 2272 2090 in

1745 2102 1846 2135 Gallia
1861 2102 1999 2144 perdidit
2014 2103 2052 2134 32
2069 2104 2112 2140 0.,
2129 2105 2162 2134 et
2178 2102 2272 2135 Scho-

1745 2147 1908 2179 lasticatus
1924 2151 1956 2180 et
1970 2149 2060 2185 pr„
2076 2157 2153 2189 quas
2170 2146 2273 2179 adhuc

1745 2191 1884 2224 habebat
1903 2191 1937 2224 in
1957 2191 2070 2233 patria,
2093 2194 2205 2224 coacta
2225 2194 2273 2223 est

1746 2236 1895 2269 collocare
1907 2236 1940 2268 in
1954 2235 2069 2278 Belgio,
2084 2235 2274 2268 Neerlandia

1747 2284 1780 2313 et
1798 2281 1921 2323 Anglia.

1727 2369 1800 2402 Jam
1830 2369 1948 2402 diutius
1977 2372 2010 2402 et
2036 2368 2189 2411 imprimis
2217 2378 2274 2410 per

1746 2414 1893 2446 ultimum
1905 2413 2091 2446 tricennium
2104 2416 2178 2446 ante
2190 2413 2273 2446 hanc

1746 2462 1902 2491 recentem
1928 2458 2191 2490 disturbationem
2218 2457 2273 2490 So-

1747 2503 1786 2535 cii
1799 2502 1874 2545 galli
1887 2503 1920 2535 in
1934 2502 2029 2535 variis
2043 2504 2082 2535 D.
2099 2502 2225 2544 opifices
2241 2505 2274 2534 et

1746 2547 1830 2580 viros
1871 2547 1970 2580 omnis
2011 2546 2199 2579 conditionis
2238 2546 2272 2578 in

1746 2592 1841 2624 sacris
1859 2591 2019 2625 secessibus
2040 2591 2250 2624 excoluerant.

1962 3130 2021 3163 477
