2372 3550
297 284 433 314 Historia
454 283 709 319 contemporanea

831 256 949 287 Summi
969 254 1144 290 Pontifices,

818 302 944 331 Litterae
965 299 1153 335 Apostolicae

1227 255 1389 291 Praepositi
1410 254 1440 283 et
1461 254 1715 290 congregationes

1390 299 1551 328 Generales

1928 276 2028 311 Italia,
2048 276 2146 305 Gallia

228 500 305 533 Gall.
321 500 474 532 Henricus
491 498 551 530 ΙΙΙ.
568 496 775 529 1575-1589.
805 493 961 520 exemtiom's
971 501 987 519 a
996 492 1108 528 publicis
1118 500 1179 526 sup-

234 766 390 799 1562——98
406 765 495 797 Bella
509 765 527 796 8
543 764 575 795 in
590 762 694 795 Gallia
709 772 780 794 con-

253 815 304 843 tra
325 811 537 852 Hugonottos.

234 1078 330 1110 Germ.
345 1075 530 1117 Rudolphus
545 1075 586 1107 Π.
602 1073 782 1106 1576-1612.

824 460 939 490 cunque
980 458 1149 480 saffrarum:

827 529 1015 565 plicationibus
1022 538 1028 561 ;

815 912 950 954 7)1576.
968 911 1016 943 30.
1038 904 1110 943 Oet.
1128 910 1195 942 Sal-

829 956 940 988 vatorz's
963 955 1102 987 Domini:
1123 959 1186 985 aedi-

832 1000 933 1027 iicandi
955 1000 1027 1026 intra
1052 999 1102 1026 140
1125 1008 1186 1026 can-

833 1045 890 1068 nas,
899 1036 971 1070 quod
979 1035 1063 1070 magis
1072 1035 1186 1069 explica-

834 1074 879 1099 tur
897 1073 1003 1107 (postea
1022 1071 1055 1098 ab
1075 1071 1185 1097 Urbano

834 1108 911 1135 VIII.
920 1107 1074 1134 restrictum
1082 1107 1117 1133 ad
1125 1115 1186 1133 con-

833 1152 940 1170 sensum
961 1143 1088 1178 Episcopi
1108 1143 1187 1177 juxta

834 1180 912 1207 Cone.
931 1179 1028 1213 Trid.);

238 1567 304 1599 Pol.
322 1566 498 1608 Stephanus
510 1564 653 1606 Bathory
666 1563 791 1596 1575—
811 1567 842 1609 8)
885 1567 973 1599 1576,
1018 1567 1066 1599 18,
1109 1566 1184 1598 Deo,

260 1611 346 1644 1586.

244 2012 330 2044 1576.
361 2012 408 2044 13.
437 2011 527 2043 Febr.
559 2010 675 2042 Foedus
702 2009 790 2041 Duce

264 2056 398 2088 Henrico
432 2055 538 2088 Guisio
575 2055 673 2086 initur
710 2054 792 2085 inter

264 2101 372 2133 Galliae
391 2101 542 2142 dynastas
562 2099 731 2131 catholicos
751 2098 790 2130 ad

264 2146 383 2178 tuenda
392 2145 479 2186 regni
489 2145 560 2186 jura
570 2147 602 2176 et
611 2143 790 2185 religionem

264 2189 523 2232 propugnandam
549 2192 659 2220 contra
683 2188 791 2229 Hugo-

264 2238 381 2267 nottcs.

250 2633 327 2665 1577
347 2632 496 2665 Formula
515 2631 702 2664 Concordiae.

509 3074 548 3107 66

830 1611 1012 1652 Apostolieae
1048 1610 1153 1643 Sedis:

832 1655 966 1682 alienandi
988 1657 1016 1682 et
1032 1655 1060 1681 in
1077 1655 1187 1690 emphy-

832 1692 930 1719 teusim
948 1691 1031 1718 dandi
1047 1691 1119 1717 bona
1140 1690 1185 1717 do-

832 1735 937 1754 morum
967 1729 995 1754 et
1018 1727 1187 1762 collegiorum

833 1764 939 1798 (postea
966 1764 1123 1790 revocatum
1151 1762 1186 1789 ab

834 1799 944 1826 Urbano
955 1798 1032 1826 VIII.
1044 1807 1092 1834 pro
1103 1798 1187 1825 Euro-

835 1843 871 1870 pa
891 1835 971 1869 juxta
984 1834 1069 1869 legem
1082 1842 1190 1869 genera-

834 1871 887 1897 lem
913 1879 960 1905 pro
988 1869 1187 1905 Regularibus);

991 3073 1029 3105 67

802 406 834 448 6)
848 405 935 437 1576.
951 405 999 436 16.
1014 404 1077 436 Jul.
1091 403 1177 442 Quae-
1222 403 1246 429 3.
1264 402 1433 429 Admonitori
1450 402 1492 428 vel
1509 402 1652 428 Assisbenti
1668 410 1737 428 11101-
1765 402 1842 434 1572
1857 402 2005 441 Pahnius,
2021 402 2198 440 Peruecius,
2213 401 2313 433 Ador-

1265 440 1313 465 tuo
1326 439 1369 465 vel
1380 439 1486 465 absenti
1497 438 1563 464 alius
1575 446 1629 464 non
1642 446 1658 464 a
1670 438 1736 464 Con·
1784 457 1852 485 nus,
1876 447 2061 488 Gagliardus
2086 447 2118 478 in
2142 446 2315 487 Lanyobar-

1265 474 1416 509 gregatione
1430 474 1619 505 substituatur,
1634 473 1680 500 sed
1691 482 1737 500 no-

1265 510 1382 536 minetur
1398 510 1477 544 juxta
1495 509 1703 536 Constitutiones
1722 517 1738 535 a

1785 491 1837 522 dia
1871 495 2058 532 promovent
2093 491 2311 522 educationem

1266 546 1389 572 Generali
1419 545 1600 572 consentiente
1632 545 1738 580 plurali·
1786 536 1962 577 juventutis
1980 536 2156 577 juvantque
2173 535 2203 567 S.
2223 535 2315 567 Caro-

1265 583 1323 608 tate
1337 581 1554 612 Provincialium3

1225 635 1249 661 4.
1267 636 1368 661 secreta
1376 634 1533 668 suffragatio
1541 634 1570 660 in
1577 634 1670 669 Congr.
1680 642 1737 669 gen.

1790 580 1864 619 lum,
1887 584 1963 618 cujus
1981 584 2072 610 favore
2085 583 2172 609 multa
2183 585 2211 610 c.
2223 583 2315 609 incho-

1791 625 1880 655 antur,
1897 624 1944 650 sed
1961 623 2106 658 complura,
2124 625 2220 657 utpote
2237 623 2315 649 nimis

1267 679 1321 696 non
1333 670 1368 697 fit
1382 670 1451 696 cisoa
1463 670 1579 704 negotia,
1594 672 1623 697 at
1636 678 1739 704 semper
1790 660 1841 686 sibi
1860 660 1956 691 vicina,
1977 668 2040 686 mox
2059 659 2152 685 relicta
2171 661 2242 685 sunt.

1267 706 1295 733 in
1311 706 1437 741 eligendis
1454 705 1584 740 personis;

1226 759 1250 785 5.
1269 758 1301 784 de
1320 758 1506 785 distributione
1526 761 1553 785 et
1572 758 1740 785 abdicatione

1269 794 1411 825 bonorum;

1228 847 1251 873 6.
1270 855 1303 873 ne
1331 847 1415 874 nimia
1449 847 1519 874 fiant
1554 849 1581 874 Ο.
1616 847 1662 874 sed
1694 856 1740 882 po-

1271 883 1325 909 tius
1342 883 1430 917 plures
1447 885 1511 916 Dpr;

1230 937 1253 963 7.
1273 936 1305 962 de
1327 936 1455 962 electione
1477 936 1657 962 Definitorum
1680 936 1747 970 (jam

1272 972 1301 998 in
1323 972 1344 998 Ι.
1368 974 1395 998 et
1418 972 1454 999 II.
1478 972 1571 1007 Congr.
1595 972 1611 998 6
1633 972 1684 998 ΡΡ.
1708 971 1743 998 ad

1272 1008 1447 1043 praeparanda
1466 1007 1573 1035 decreta
1593 1009 1620 1034 et
1640 1007 1744 1034 celerio-

1271 1052 1327 1070 rem
1350 1043 1546 1078 expeditionem
1568 1043 1744 1078 negotiorum,

1273 1080 1305 1106 de
1315 1088 1426 1114 quorum
1436 1079 1597 1106 auctoritate
1607 1080 1640 1106 cf.
1650 1079 1743 1113 Congr.

1274 1115 1310 1142 II.
1330 1115 1399 1142 decr.
1419 1115 1459 1142 26.
1479 1115 1542 1150 32).

1231 1168 1255 1195 8.
1274 1168 1365 1195 Etiam
1376 1177 1431 1195 non
1443 1168 1554 1203 professi
1566 1169 1678 1203 possunt
1690 1175 1745 1194 esse

1273 1204 1425 1239 Superiores
1442 1204 1632 1239 professorum3

1231 1258 1254 1284 9.
1274 1257 1385 1292 quaestio
1407 1257 1439 1283 de
1459 1257 1534 1292 pileis
1554 1257 1746 1291 Ooadjutorum

1273 1293 1451 1320 committitur
1465 1293 1587 1319 Generali
1600 1292 1747 1319 decidenda

1272 1329 1318 1363 (cf.
1333 1329 1427 1364 Congr.
1443 1329 1464 1356 Ι.
1479 1329 1549 1355 decr.
1563 1329 1630 1363 95.);

1212 1382 1254 1409 10.
1272 1382 1407 1409 Generalis
1421 1382 1524 1417 regulas
1539 1382 1684 1416 componat
1698 1389 1745 1416 pro

1270 1418 1398 1453 magistro
1407 1418 1580 1449 novitiorum,
1589 1419 1617 1443 et
1626 1417 1746 1444 ordinem

1271 1453 1407 1488 quendam
1427 1462 1475 1488 pro
1496 1453 1618 1485 novitiis;

1214 1508 1255 1534 11.
1274 1507 1459 1541 approbantur
1481 1506 1588 1533 decreta
1610 1514 1626 1532 a
1648 1505 1749 1532 Defini-

1272 1543 1375 1569 toribus
1394 1544 1554 1578 praeparata.

1221 2005 1285 2038 Sub
1304 2005 1400 2037 finem
1419 2004 1494 2036 anni
1512 2004 1590 2035 1574
1608 2004 1754 2035 universa

1241 2050 1379 2082 Societas
1419 2048 1606 2081 numerabat
1637 2048 1741 2081 Socios

1769 802 1847 833 1575
1871 801 1994 840 Benoit,
2019 801 2197 833 membrum
2221 800 2318 832 facul-

1789 846 1866 878 tatis
1901 845 2083 887 theologicae
2118 855 2150 877 se
2186 845 2319 886 opponit

1789 890 1923 932 Augerio
1962 890 2002 922 ob
2040 890 2205 921 inductam
2244 889 2319 920 ado-

1790 936 1945 966 rationem
1963 938 2158 976 perpetuam.
2179 953 2218 956 —
2236 933 2319 965 Mal-

1792 980 1919 1011 donatus
1940 983 1974 1009 ab
1988 983 2169 1009 Universitate
2184 990 2320 1017 oppugna-

1794 1026 1847 1056 tur,
1875 1023 1948 1058 quod
1972 1023 2085 1055 dixerat,
2117 1022 2321 1049 Immaculatam

1795 1059 2000 1094 Concepticnem
2023 1067 2078 1085 non
2102 1066 2158 1085 esse
2178 1057 2320 1084 articulum

1793 1095 1869 1127 fidei;
1879 1096 1956 1121 favet
1964 1095 1989 1121 ei
1998 1094 2073 1121 Gard.
2084 1093 2206 1128 Archiep.
2216 1093 2321 1127 Gondy.

1795 1131 1917 1166 Epistola
1925 1130 2007 1157 trium
2014 1130 2161 1156 Doctorum
2170 1129 2205 1156 ad
2212 1129 2322 1164 Papam,

1795 1169 1823 1193 et
1835 1166 1952 1193 defensio
1970 1165 2142 1192 Provincialis
2158 1165 2288 1192 Matthaei.

1824 1229 1962 1263 Augerius,
1971 1228 2145 1254 confessarius
2154 1227 2263 1254 Henrici
2271 1227 2322 1253 ΙΙΙ.

1797 1272 1886 1299 regem
1909 1264 1944 1290 ad
1967 1264 2139 1290 christianam
2167 1263 2252 1290 vitam
2276 1263 2324 1289 du-

1798 1300 1910 1327 cendam
1927 1301 2060 1326 hortatur.

1778 1559 1864 1591 1576.
1883 1559 1930 1591 20.
1943 1559 2018 1590 Dec.
2033 1558 2052 1600 †
2066 1558 2174 1589 Romae
2186 1557 2207 1589 J
2209 1567 2325 1589 oannes

1796 1603 1949 1653 Polancus
1970 1603 2087 1644 optime
2106 1602 2144 1634 de
2170 1602 2325 1634 Sooietate

1796 1651 1935 1680 meritus.

1779 1826 1855 1857 1577
1888 1825 1989 1857 Pestis
2022 1834 2136 1866 magna
2167 1824 2201 1856 in
2237 1823 2327 1856 meri-

1799 1870 1916 1902 dionali
1936 1869 2051 1908 Gallia3
2080 1869 2161 1902 Socii
2187 1869 2328 1901 serviunt

1799 1915 1931 1956 aegrotis.

1242 2095 1329 2133 3905,
1354 2094 1437 2126 inter
1461 2103 1537 2135 quos
1562 2096 1652 2125 erant
1676 2093 1752 2124 1172
1782 2092 1858 2124 1578
1874 2094 1922 2124 Pr.
1934 2091 2160 2133 Langobardica
2177 2091 2328 2123 dividitur

1242 2139 1417 2171 sacerdotes
1444 2138 1506 2180 (Ex
1521 2137 1662 2187 catalogo
1688 2147 1753 2168 ma·
1801 2137 1833 2168 in
1849 2137 1993 2169 Venetam
2016 2139 2041 2167 et
2057 2135 2324 2168 Mediolanensem.

1241 2184 1401 2224 nuscripto
1416 2183 1554 2214 omnium
1567 2181 1751 2223 nominum).

1472 3068 1511 3101 68

1782 2624 1859 2656 1579
1880 2626 1953 2662 Dpr.
1974 2623 2115 2663 Neapoli.

1782 2757 1859 2789 1579
1896 2756 2096 2788 Maldonatus
2134 2759 2316 2788 convertere

1802 2801 1904 2843 pergit
1931 2800 2132 2842 Hugonottos
2160 2810 2259 2841 usque
2287 2799 2328 2831 ad

1802 2849 1909 2887 portas
1926 2844 2065 2886 Rupellae
2081 2844 2140 2886 (La
2156 2843 2326 2885 Rochelle).

1802 2889 1953 2931 Augerius
1986 2889 2068 2931 fugit
2101 2888 2140 2920 ab
2174 2888 2255 2928 aula,
2288 2898 2328 2920 ne

1803 2943 1942 2975 purpura
1959 2933 2131 2972 decoretur,
2151 2936 2183 2965 et
2199 2933 2329 2965 inchoat

1803 2980 1835 3010 0.
1858 2977 2050 3010 Divionense.

2030 3066 2069 3098 69
