2372 3550
143 325 301 361 Hispania,
322 324 480 354 Lusitania

629 324 802 359 Germania,
824 324 963 359 Belgium

76 452 153 483 1590
188 453 237 483 Pr.
272 450 453 482 Andalusz'ae
488 450 539 481 vel
572 449 609 480 In
632 450 721 481 terris
748 450 961 488 Tirolensfflus,
985 450 1023 481 ad

98 496 211 527 Baetz'ca
228 495 415 526 numerabat
432 498 470 528 D.
488 495 536 532 14,

94 540 175 572 inter
192 549 243 571 eas
261 541 291 571 C.
310 540 357 577 13,
375 540 408 570 in
426 539 537 580 quibus

94 583 265 616 studebant
310 584 388 615 2650
436 583 538 614 adole-

94 632 223 666 scentes,
254 632 286 659 et
315 627 438 669 parvuli
461 628 538 659 1150

93 672 330 704 instruebantur
381 672 414 703 in
455 672 538 702 rudi-

93 717 215 748 mentis.
260 717 328 749 Sao.
354 720 443 748 erant
470 716 536 753 159,

93 761 190 793 Schol.
231 761 298 798 103,
338 760 429 792 Coad.
470 761 536 798 146,

94 805 213 836 Novitii
233 805 281 842 32,
305 805 449 836 Universi
469 805 536 836 440.

75 894 151 925 1591
186 893 386 925 Perturbatio
421 894 454 924 in
489 895 537 925 Pr.

94 938 263 969 [lusitanice
293 942 372 975 orta,
404 938 538 979 expulsis

96 985 112 1014 7
122 982 393 1024 perturbatoribus
403 983 538 1014 sedatur.

77 1338 163 1369 1593.
177 1337 213 1369 In
224 1337 461 1378 congregatione
471 1347 540 1378 pro-

96 1381 222 1413 vinciali
250 1382 401 1413 Toletana
427 1382 477 1413 Jo.
507 1381 541 1412 de

96 1426 246 1458 Mariana
265 1436 296 1458 se
314 1426 420 1467 prodit
438 1426 540 1457 fauto-

96 1481 161 1502 rem
177 1470 431 1512 perturbatorum
450 1470 541 1502 vehe—

97 1519 244 1547 mentem.

79 1737 157 1768 1594
174 1736 393 1769 Controversia
409 1736 448 1768 de
464 1737 543 1768 libro

99 1781 251 1813 Ludovici
267 1781 396 1813 Molinae
417 1781 455 1813 de
472 1791 543 1813 con-

100 1825 206 1858 cordia
238 1825 347 1868 gratiae
382 1829 415 1857 et
455 1825 544 1858 liberi

100 1870 221 1902 arbitrii
246 1870 350 1912 (1588)
377 1874 545 1913 tantopere

100 1919 268 1953 exarserat,
277 1919 314 1947 ut
321 1915 410 1957 Papa
418 1925 544 1947 causam

99 1959 239 1993 traheret
261 1959 405 1992 Romam.

82 2048 159 2080 1595
177 2048 197 2090 †
214 2048 351 2080 Joannes
370 2048 545 2080 Fermmdes

101 2096 174 2134 post
192 2092 309 2125 multos
328 2093 411 2125 inter
429 2092 545 2125 milites

101 2137 134 2169 in
155 2137 264 2169 castris
285 2137 414 2169 labores.

85 2189 160 2217 Circa
189 2190 240 2216 hoc
269 2191 375 2224 tempus
400 2190 444 2224 (—
470 2190 547 2224 1596)

103 2225 220 2252 Societas
234 2225 262 2251 in
276 2225 408 2260 Hispania
420 2225 548 2252 liberatur

103 2269 120 2287 a
132 2261 281 2302 'praecipuis
305 2261 547 2301 perturbatoribus:

103 2296 322 2365 313'33215215213‘}
325 2299 549 2359 qiiiniisnssussfiss

105 2368 200 2399 Abreo,
222 2368 264 2395 Jo.
283 2368 314 2394 B.
337 2368 454 2399 Carrillo,
478 2368 549 2395 Hen-

103 2403 171 2430 ricus
185 2403 326 2438 Enriquez,
338 2403 549 2430 Bartholomaeus

105 2447 121 2465 a
134 2439 223 2466 Sicilia
236 2441 264 2465 et
278 2439 323 2465 alii
331 2439 438 2465 demum
453 2439 548 2474 expelli

104 2477 259 2509 potuerunt.

88 2669 174 2701 1596.
202 2669 250 2701 25.
278 2669 351 2701 Jan.
380 2669 400 2710 †
425 2669 549 2701 Matriti

107 2713 247 2755 AEqidius
262 2713 407 2745 Gomalez
425 2713 548 2752 Dam‘la,

106 2758 155 2790 vir
175 2758 345 2790 sanctitate
367 2761 399 2790 et
420 2757 551 2789 scientia

107 2802 300 2844 conspicuus,
327 2802 472 2834 Instituti
496 2802 550 2834 ob-

107 2846 368 2886 servantissimus,
389 2850 426 2878 ut
444 2846 550 2878 subdi-

108 2895 168 2930 tus,
190 2891 314 2930 Rector‚
334 2890 549 2929 Provincialis,

107 2935 268 2974 Visitator,
279 2935 445 2974 Assistens,
457 2935 496 2967 de
506 2935 560 2967 So-

108 2979 232 3019 cietate,
257 2980 410 3021 imprimis
435 2979 469 3011 in
495 2979 551 3011 Hi-

108 3024 228 3066 spania,
260 3023 379 3066 optime
408 3023 550 3056 meritus.

297 3113 356 3146 110

590 494 719 525 Arulam
729 494 774 534 (in
783 494 981 535 Vorarlberg)
992 498 1023 525 et

589 538 621 569 in
633 538 745 570 Suevia
753 539 913 570 Archidux
919 538 1023 570 Ferdi-

590 583 712 614 nandus
737 583 824 614 fovet
847 583 967 614 labores
992 587 1023 614 et

590 627 776 659 industriam
798 628 967 659 Sociorum.

571 760 657 791 1592.
701 760 870 791 Inchoatur
910 760 1022 791 Missio

591 804 622 835 H
624 804 783 835 ollandica:
796 808 926 845 rogante
938 804 1022 835 Sme-

591 849 634 880 tio
652 848 780 890 (Smith)
796 848 954 880 sacerdote
970 858 1023 879 sae-

591 893 687 924 culari
716 893 782 924 Gul.
822 893 953 924 Leom'us
992 898 1022 923 et

592 937 748 968 Cornelius
760 937 860 977 Duyst
870 937 1023 968 Amstelo-

591 982 684 1019 dami,
699 981 731 1012 in
747 982 846 1012 Frisia
860 986 917 1013 etc.
934 982 1023 1012 mini-

591 1026 691 1057 steriis
709 1026 873 1057 Societatis
891 1026 1023 1067 fungun-

591 1075 651 1102 tur.

572 1159 647 1190 1592
672 1158 852 1196 Gulielmus,
882 1159 1025 1191 Bavariae

591 1203 664 1241 dux,
675 1203 864 1234 domicilium
878 1204 1025 1235 attribuit

591 1248 742 1279 Societati
756 1248 896 1288 OEttinqoe
911 1248 1023 1280 veterzts.

574 1336 650 1367 1593
671 1336 862 1368 Restituitur
880 1338 911 1368 C.
930 1337 1025 1368 Mols-

591 1381 750 1413 heinzense.

574 1432 668 1459 Libelli
685 1433 781 1459 famosi
799 1435 892 1460 contra
910 1434 1027 1460 Jesuitas

597 1471 624 1494 et
647 1477 737 1494 eorum
761 1469 872 1499 scholas,
896 1470 988 1503 scripti
1012 1478 1027 1495 a

598 1504 816 1538 protestantibus,
856 1513 910 1531 non
951 1506 1027 1539 pauci

597 1540 752 1574 prodierunt
788 1540 849 1566 inde
886 1541 920 1567 ab
957 1549 1027 1566 anno

597 1576 672 1607 1556,
697 1576 793 1610 quibus
818 1577 902 1602 omnis
926 1577 1027 1610 generis

597 1611 734 1638 ealumniae
752 1613 779 1638 et
796 1612 894 1638 fabulae
912 1612 1028 1638 ridiculae

596 1647 790 1681 spargebantur
803 1649 831 1674 et
843 1648 1027 1678 credebantur,

598 1691 664 1716 quas
682 1683 803 1709 Fischart
819 1686 846 1709 et
864 1683 1029 1710 Hasemiiller

598 1718 730 1753 (Historia
758 1719 878 1745 Jesuitici
909 1719 1006 1745 ordinis

598 1755 676 1788 1593)
689 1754 812 1780 collectas
824 1757 964 1781 auxerunt.

578 1914 655 1946 1594
691 1915 722 1946 C.
758 1913 1024 1955 lacmemburqense.

578 2047 656 2079 1595
688 2047 826 2079 Societas
855 2047 969 2079 iterum
998 2048 1030 2079 111

602 2092 858 2133 Transylvaniam
889 2096 1030 2130 vocatur,

599 2141 631 2169 et
661 2138 692 2168 C.
724 2136 1031 2178 Claudiopolitanum

598 2181 784 2213 restituitur.

582 2315 658 2346 1595
674 2316 704 2347 C.
723 2314 970 2346 Paderborneme.

581 2448 658 2479 1595
671 2447 723 2479 Lis
737 2458 806 2479 cum
819 2447 1032 2479 Universitate

600 2492 787 2524 Lovaniensi
828 2492 867 2524 ob
908 2502 1032 2524 cursum

1146 323 1268 358 Anglia,
1288 322 1416 352 Polonia
1696 319 1855 349 Missiones
1876 320 1993 349 exterae

1057 759 1132 789 1592
1146 758 1326 789 Lewrtoeice
1339 763 1370 789 et
1384 758 1508 789 Imblim'
1542 757 1617 788 1592
1638 758 1810 787 Ludovicus
1831 758 1970 787 Valdivia
1990 767 2006 788 e
2028 756 2164 788 Chz'lensi

1074 803 1229 834 Adrianus
1260 803 1506 834 Radsiminskius
1560 811 1652 842 regno
1675 801 1715 832 ad
1736 800 1917 841 Philippum
1940 801 1981 832 II.
2006 800 2163 842 profectus

1076 847 1217 888 disputat
1237 857 1306 878 cum
1326 847 1506 878 Socinianis.
1560 845 1755 876 calamitates
1781 855 1857 886 quas
1883 845 1954 876 Indi
1979 845 2017 876 ab
2044 845 2165 886 aliquot

1559 889 1719 931 Europaeis
1789 889 1955 930 patiuntur
2025 890 2162 930 exponit.

1563 935 1585 960 A
1603 941 1663 968 rege
1681 933 1753 968 pacis
1772 933 1871 959 arbiter
1887 933 2011 960 remissus
2029 933 2165 960 decretum

1563 970 1663 1003 regium
1683 969 1715 995 de
1734 969 1878 995 sancienda
1896 977 1969 1003 pace,
1990 969 2022 995 de
2040 969 2165 995 libertate

1563 1008 1591 1031 et
1636 1005 1831 1038 tranquillitate
1876 1004 2053 1039 impertienda
2093 1005 2166 1031 Indis

1557 1041 1737 1075 promulgavit
1742 1049 1800 1066 cum
1807 1040 1892 1066 multo
1898 1048 2019 1067 successu
2026 1040 2165 1067 missionis.

1565 1077 1649 1108 Unus
1674 1081 1799 1108 tantum
1823 1076 1946 1117 regulus
1969 1077 2164 1118 Aganamon,

1562 1121 1688 1152 Veneris
1712 1131 1827 1158 servus,
1852 1121 1871 1151 3
1895 1131 2050 1162 praecones
2075 1121 2166 1152 easti-

1562 1165 1673 1196 moniae
1700 1165 1832 1197 mactari
1857 1165 1963 1206 jussit:
1993 1165 2166 1196 Martinam

1563 1209 1597 1240 de
1629 1209 1766 1247 Aranda,
1799 1209 1963 1241 Horatium
1997 1210 2167 1248 Vecehfflm,

1565 1254 1717 1285 Didacum
1747 1254 1982 1285 Montalbanum
2013 1255 2060 1286 14.
2092 1254 2166 1286 Dec.

1564 1299 1650 1330 1592.

1548 1432 1584 1463 111
1603 1431 1678 1463 urbe
1696 1432 1834 1470 Qm'tew'
1851 1432 1955 1473 gravis
1974 1431 2169 1473 perturbatio

1566 1476 1665 1508 civilis
1683 1476 1721 1507 ob
1739 1476 1893 1508 tributum
1911 1476 1970 1514 „de
1986 1476 2032 1508 las
2049 1476 2170 1508 alcaba-

1566 1521 1632 1552 las“
1650 1520 1802 1561 paulatim
1821 1521 1948 1552 sedatur
1972 1530 1990 1552 a
2012 1520 2169 1558 Patribus,

1568 1565 1620 1606 qui
1645 1565 1834 1606 persuadent
1865 1565 2074 1597 obedientiam
2100 1575 2172 1606 erga

1569 1610 1694 1651 Regem.

1549 1743 1625 1774 1592
1647 1743 1754 1774 Petrus
1771 1743 1922 1774 Mammea
1950 1747 2072 1774 creatur
2099 1743 2172 1784 Epi-

1568 1797 1679 1829 scopus
1698 1787 1852 1827 Japomae.

1550 1965 1627 1997 1593
1652 1965 1852 1997 Franciscani
1880 1976 1897 1997 e
1918 1965 2105 2007 Philippinie
2127 1965 2173 1996 in-

1410 2046 1416 2051 ,
1569 2010 1753 2052 grediuntur
1770 2010 1790 2041 J
1793 2010 1950 2051 aponiam.

1066 2047 1141 2077 1595
1152 2046 1356 2078 Ruthenorum
1365 2056 1437 2078 unio
1447 2056 1516 2078 cum

1084 2090 1223 2140 Ecclesia
1239 2094 1415 2132 praeparata
1431 2101 1451 2122 a
1466 2091 1487 2122 J
1489 2101 1518 2122 e-

1085 2139 1184 2167 sultis.

1680 2215 1796 2240 Vise-Pr.
1818 2215 1939 2246 saponiae
1960 2215 2036 2240 1593.

2081 2266 2151 2293 Socii

2117 2311 2150 2337 23

2117 2346 2150 2372 23

2118 2383 2149 2408 11

2118 2418 2150 2444 15

1569 2312 1601 2338 D.
1618 2311 1764 2338 Macaensis
1782 2319 1843 2337 cum
1861 2313 1884 2337 R
1886 2331 2061 2338 ......

1568 2348 1601 2373 D.
1618 2347 1851 2383 Nangasaquensis
1870 2355 1929 2374 cum
1948 2348 1963 2373 5
1981 2348 2014 2373 R.
2055 2366 2061 2371 .

1568 2384 1601 2409 D.
1619 2383 1771 2409 Omurensis
1789 2385 1817 2409 et
1833 2384 1849 2409 2
1867 2384 1889 2408 R
1892 2402 2061 2409 ......

1568 2420 1601 2445 D.
1618 2418 1763 2445 Arimensis
1781 2426 1841 2445 cum
1859 2420 1876 2444 4
1894 2420 1916 2444 R
1919 2438 2060 2445 .....

1568 2455 1595 2480 G.
1612 2455 1816 2486 Amacusaense,
1835 2462 1895 2481 cum
1915 2455 1930 2480 4
1947 2455 1988 2484 R.;
2006 2453 2067 2479 huic

1635 2490 1780 2524 conjuncta
1797 2491 1853 2522 pr
1857 2509 2061 2516 .......

1075 2447 1161 2478 1595.
1173 2446 1201 2478 3.
1214 2446 1306 2477 Mart.
1319 2456 1348 2478 n.
1361 2449 1399 2478 st.
1412 2446 1519 2477 Rober-

1085 2494 1132 2522 tus
1147 2490 1342 2522 southwellus
1362 2494 1434 2531 post
1452 2490 1519 2522 diu·
2118 2489 2149 2515 61

600 2536 812 2577 philosophiae,
826 2546 918 2578 quem
929 2536 1033 2568 claudi
1086 2538 1193 2567 turnos
1212 2539 1244 2566 et
1261 2535 1431 2566 dirissimos
1452 2545 1519 2566 cru·
1569 2526 1641 2587 {⁰¹¹ss
1658 2525 1833 2566 Fachirqense
1855 2545 2061 2551 ·······
2118 2524 2151 2586 13

600 2581 693 2622 jussit
728 2581 827 2613 Breve
862 2580 1028 2613 Clementis
1086 2579 1185 2611 ciatus
1199 2579 1338 2620 Tyburni
1351 2589 1518 2620 suspensus
1570 2580 1602 2623 R:
1619 2569 1787 2624 Μὲξξέἒέἒξ
1821 2581 1826 2622 J
1855 2582 1860 2622 J
1887 2582 1894 2623 J
1921 2581 1927 2622 J
1955 2581 1961 2621 J
1989 2581 1995 2622 J
2023 2581 2028 2621 J
2056 2580 2062 2621 J
2135 2595 2151 2622 5

601 2625 690 2657 VIII.

776 3112 834 3146 111

1085 2624 1147 2655 fuit
1168 2633 1223 2665 pro
1245 2623 1317 2655 fide.
2101 2650 2151 2675 161

2102 2684 2151 2711 207

1903 2650 1975 2677 Socii

1850 2685 1974 2713 Ecclesiae

1882 2721 2026 2749 christiani
2042 2720 2154 2752 217,000

1236 3112 1294 3145 112
1825 3109 1884 3142 113
