2372 3550
805 339 923 369 summi
943 339 1119 377 Pontifices,

791 383 918 414 Litterae
938 385 1128 421 Apostolicae

1203 341 1366 379 Praepositi
1386 343 1417 372 et
1437 343 1693 379 congregationes

269 361 405 391 Historia
425 361 682 397 contemporanea
1366 387 1528 417 Generales

1904 366 2004 403 Italia,
2024 367 2122 397 Gallia

197 488 290 529 Hisp.
309 488 435 521 Carolus
454 488 513 521 III.
532 488 738 521 1759—1788.
774 488 867 522 Clem.
892 489 985 522 XIII.
1011 490 1038 522 1.
1063 493 1096 522 et
1118 491 1146 523 9.
1181 491 1315 532 Rieci,
1334 494 1518 523 Laurentius
1539 493 1617 534 (nat.
1634 493 1712 526 1703
1746 493 1832 526 1761.
1853 493 1880 526 8.
1900 494 1975 536 Maj.
1995 494 2231 527 Parlamentum

793 534 867 567 Jun.
886 535 966 585 1762
986 534 1026 566 ad
1044 544 1148 585 regem
1200 535 1375 586 Florentiae,
1406 537 1483 587 1718
1504 537 1597 588 ingr.)
1615 537 1713 569 lector
1745 546 1772 578 1·
1809 547 1910 589 coegit
1943 547 2080 579 Jesujtas
2115 547 2212 589 gallos
2248 548 2289 580 ad

793 582 825 610 et
845 588 1004 620 episcopos
1025 583 1148 621 scripfflt
1200 580 1377 620 rhetorices,
1400 581 1613 623 phssosophme,
1626 582 1712 614 theo·
1764 590 1906 623 golidarje
1941 591 2146 633 persolvenda
2181 592 2289 625 debita

791 623 824 654 in
834 623 974 655 favorem
984 624 1149 656 Societatis
1201 624 1297 666 logiae.

792 671 1034 710 constanterque
1050 669 1148 700 omni-

792 712 849 744 bus
861 712 1147 745 machinationibus

791 757 908 796 aulicis,
923 767 993 799 quae
1004 767 1148 799 suppres-

791 801 907 833 sionem
917 802 1083 834 Societatis
1095 813 1146 834 ex-

791 849 936 888 torquere
991 847 1148 879 conaban-
1181 847 1267 879 1758.
1295 848 1342 880 21.
1370 848 1446 890 Maji
1473 848 1587 880 electus
1614 852 1670 881 est.

790 894 850 929 tur,
877 891 1003 924 restitit.
1056 895 1149 922 Multis

790 934 921 961 Brevibus
952 935 988 962 ad
1012 936 1148 970 episcopos

195 977 284 1019 Anyz.
296 978 445 1020 Georgius
457 978 516 1011 111.
529 978 734 1011 meo-1820.
786 969 904 997 diverffls
914 970 985 997 datis
999 971 1094 998 laudat
1103 972 1149 998 80-

790 1006 915 1033 cietatem
933 1007 1044 1042 ejusque
1058 1009 1148 1042 patro-

790 1042 889 1068 cinium
897 1042 962 1077 ipsis
971 1043 1149 1071 commendat.

768 1085 834 1112 Aliis
864 1086 995 1113 Brevibus
1028 1089 1077 1114 aut
1103 1088 1121 1114 J
1123 1095 1148 1114 e-

789 1121 865 1148 suitis
885 1123 984 1157 gratias
1001 1123 1150 1158 spirituales
1180 1114 1367 1148 Decreta
1409 1115 1711 1159 0011310311ῆο-

790 1158 970 1185 communicat
995 1166 1092 1193 eosque
1112 1159 1147 1186 ad
1201 1159 1271 1192 nis
1293 1159 1432 1194 XIX-2

790 1193 890 1220 bonum
896 1196 1030 1221 certamen
1036 1195 1150 1227 animat,

793 1230 842 1256 aut
857 1229 988 1265 principes
1004 1232 1032 1257 et
1047 1230 1146 1265 episeo-
1265 1257 1269 1261 ,
1340 1257 1345 1262 ,
1497 1257 1502 1263 ,

793 1273 841 1299 pos
854 1265 890 1291 ad
902 1266 1031 1292 tuendam
1045 1268 1073 1293 et
1086 1275 1145 1301 pro,
1221 1256 1376 1283 residentias
1387 1257 1529 1284 000100110
1539 1257 1687 1289 mutandae;

792 1301 953 1328 movendam
985 1302 1146 1329 SOOietatem
1176 1310 1200 1336 2.
1218 1309 1421 1336 commendatur
1454 1310 1622 1345 perfectionis
1655 1312 1711 1337 stu-

792 1336 925 1369 hortatur,
941 1339 1091 1379 &Ut-QUE-
1103 1338 1146 1379 Yel
1221 1345 1294 1372 dium
1307 1347 1336 1372 et
1348 1354 1411 1372 cura
1423 1354 1510 1372 rerum
1523 1346 1709 1382 spiritualium.

792 1372 906 1402 alterum
934 1372 968 1399 ob
993 1375 1145 1401 inimicitias

792 1410 886 1435 contra
913 1408 987 1435 illam
1011 1409 1145 1444 objurgat,

793 1446 842 1470 aut
851 1451 896 1470 eos
906 1445 953 1479 qui
962 1444 1090 1472 Societati
1101 1445 1145 1472 be-

792 1479 939 1512 nefaciunt,
955 1480 1056 1508 laudat.

193 1468 280 1501 1761.
294 1468 342 1501 13.
355 1468 429 1501 Jun.
442 1469 461 1511 †
473 1469 562 1501 Card.
576 1469 641 1502 ι103.
654 1469 733 1511 Aug.

213 1512 321 1545 Ursius
346 1513 442 1556 (Orsi)
467 1514 504 1546 Ο.
530 1514 581 1546 Ρ1.
607 1514 737 1556 (Istoria

212 1557 427 1591 ecclesiastica.
448 1559 487 1590 20
506 1558 687 1601 volumina).

1178 1471 1265 1503 1758.
1295 1471 1343 1504 26.
1373 1470 1459 1512 Sept.
1490 1471 1642 1512 Epistola:
1662 1472 1710 1504 De

1196 1515 1339 1557 precibus
1357 1515 1507 1548 iterandis
1526 1516 1566 1548 ob
1585 1517 1710 1549 calami-

1196 1563 1278 1592 tates
1311 1560 1500 1592 Societatem
1533 1565 1708 1602 prementes

1196 1604 1285 1646 eique
1305 1605 1471 1638 minantes.

1175 1872 1261 1904 1759.
1278 1872 1306 1904 8.
1322 1872 1397 1904 Dee.
1408 1872 1558 1913 Epistola:
1573 1873 1621 1905 De
1636 1884 1708 1906 con-

1194 1917 1314 1949 stantia
1332 1916 1365 1949 in
1386 1917 1526 1949 oratione
1548 1918 1587 1950 ob
1608 1918 1707 1951 tribu-

1193 1960 1335 1994 lationes.

191 2047 278 2080 1762.
298 2048 345 2081 17.
364 2048 427 2081 Jul.
445 2048 557 2082 Petrus
575 2048 635 2082 III.
654 2049 734 2082 Rus-

210 2091 272 2131 siae,
297 2092 520 2135 strangulatus.

1172 2228 1259 2261 1761.
1270 2228 1319 2261 30.
1328 2227 1358 2260 N
1359 2238 1408 2261 ov.
1417 2228 1568 2270 Epistola:
1579 2230 1626 2262 De
1636 2240 1707 2262 cau-

1192 2272 1233 2304 sis
1258 2272 1361 2305 solatii
1387 2273 1487 2315 deque
1512 2284 1637 2306 recursu
1664 2275 1705 2307 ad

1191 2317 1293 2349 Deum
1326 2317 1359 2349 in
1386 2318 1552 2351 Societatis
1581 2319 1705 2351 calami-

1192 2361 1321 2394 tatibus.

192 2581 282 2613 Rasa
294 2580 733 2615 Catharina11.1762—1796.
766 2584 853 2617 1762.
870 2584 897 2617 8.
914 2585 1000 2626 Sept.
1018 2584 1139 2617 Permo-
1173 2584 1260 2617 1762.
1280 2585 1328 2617 19.
1346 2584 1422 2626 Maj.
1440 2585 1628 2627 Praepositus
1646 2586 1705 2618 Ge-

786 2628 858 2661 lesta
894 2629 962 2661 tibi:
1000 2628 1137 2661 Antonio
1191 2628 1303 2661 neralis
1319 2629 1471 2662 facultate
1488 2630 1546 2662 sibi
1563 2640 1582 2662 a
1596 2630 1705 2662 Ponti-

785 2673 941 2706 Cardinali
950 2673 988 2706 de
998 2673 1140 2706 Choiseul
1190 2673 1250 2705 fice
1265 2673 1305 2705 ad
1318 2673 1378 2706 hoc
1392 2673 1477 2713 data,
1493 2674 1636 2707 concedit
1650 2685 1704 2707 va-

784 2717 942 2760 significat
963 2728 994 2750 se
1016 2718 1050 2750 in
1066 2728 1138 2750 con·
1190 2717 1251 2749 rias
1267 2717 1503 2759 dispensationes
1518 2719 1614 2751 Sociis
1629 2719 1704 2751 Pro-

785 2762 906 2794 sistorio
948 2765 1065 2795 secreto
1107 2763 1136 2795 3.
1191 2762 1364 2794 vinciarum
1377 2762 1484 2795 Gallioe
1499 2763 1538 2795 ob
1554 2764 1703 2805 temporis

784 2806 869 2848 Sept.
889 2807 1048 2839 rescidisse
1067 2810 1139 2839 acta
1190 2806 1394 2839 difficultates
1413 2810 1445 2839 et
1461 2808 1700 2849 persecutiones.

784 2861 999 2892 supremarum
1044 2851 1138 2883 Galli-

784 2896 854 2927 cani
869 2896 955 2938 regni
971 2895 1136 2935 curiarum,

784 2940 897 2981 quibus
911 2940 942 2973 S.
958 2940 989 2972 J.
1006 2940 1137 2972 Institu-

783 2987 852 3016 tum
878 2984 1056 3017 declaratur
1080 2984 1138 3016 im-

782 3028 880 3070 pium.

433 3157 493 3191 330
1404 3161 1462 3194 332

922 3161 980 3194 331

1763 635 1893 667 Antonii
1913 636 2091 676 Lavalette;

1744 689 1772 720 2.
1791 688 1895 720 vetuit
1913 689 2078 722 admittere
2096 688 2247 727 novitios;

1743 741 1771 773 3.
1790 741 1932 817 dissolgit
1938 742 2197 785 Congregationes
2208 751 2287 773 erec-

1764 789 1812 817 tas
1832 797 1865 818 111
1908 811 1916 819 .

1179 1221 1202 1247 1.
1221 1220 1316 1247 domus
1333 1220 1455 1255 professae
1473 1221 1617 1248 retinendae
1635 1229 1666 1248 ac
1683 1221 1711 1247 in
1744 1204 1821 1236 1762
1844 1204 1870 1236 P
1872 1204 1970 1236 ariSiiS
1997 1204 2181 1246 pr⁰dierunt
2202 1204 2288 1242 ”EX-

1762 1249 1855 1281 traits
1888 1249 1941 1281 des
1974 1249 2140 1281 assertions
2174 1248 2287 1290 dange-

1762 1303 1865 1326 reuses
1883 1297 1916 1326 et
1932 1293 2147 1335 pernicieuses,
2167 1303 2227 1335 que
2244 1293 2287 1325 les

1762 1338 1943 1370 soi-disants
1983 1339 2120 1371 Jesuites
2161 1337 2288 1370 avaient

1762 1382 1947 1416 declarees“.
1990 1383 2027 1415 In
2056 1383 2104 1415 his
2136 1381 2288 1414 contineri

1761 1427 1924 1460 innumera
1953 1427 2116 1460 mendacia
2159 1430 2192 1459 et
2230 1426 2288 1458 758

1761 1472 1995 1505 falsificationes
2036 1475 2194 1510 textuum,
2235 1471 2288 1503 Je-

1761 1517 1852 1549 suitae
1887 1517 2102 1559 probaverunt
2138 1525 2231 1558 opere
2267 1515 2287 1547 3

1763 1561 1968 1594 voluminum.

1742 1650 1950 1683 Nihilominus
1970 1650 2202 1693 parlamentum
2224 1649 2286 1682 Ro-

1761 1698 1942 1738 tomagense
1997 1696 2045 1728 12.
2091 1694 2167 1727 Feb.
2208 1694 2285 1726 1762

1761 1740 2007 1773 Constitutiones
2030 1740 2060 1772 S.
2085 1739 2116 1772 J.
2139 1737 2286 1780 irreligio-

1761 1795 1810 1817 sas
1827 1784 2007 1823 declaravit,
2023 1784 2093 1816 illas
2110 1783 2284 1821 observare,

1761 1829 1881 1862 scholas
1896 1830 1927 1862 S.
1943 1829 1973 1862 J.
1989 1829 2197 1871 frequentare,
2214 1837 2285 1860 cum

1760 1874 1904 1906 Generali
1923 1873 2160 1915 correspondere
2179 1871 2285 1905 Gallos

1761 1928 1866 1951 omnes
1888 1918 2001 1958 vetuit,
2024 1918 2178 1950 bonorum
2199 1916 2230 1949 S.
2253 1916 2283 1949 J.

1759 1963 2015 1995 confiscationem
2031 1961 2180 2005 praecepit
2197 1964 2230 1993 et
2246 1961 2285 1993 29

1759 2018 1778 2040 a
1806 2008 1936 2040 Jesuitis
1965 2007 2139 2049 composita
2167 2005 2285 2047 scripta

1759 2052 1900 2085 comburi
1914 2052 2016 2094 jussit.
2049 2052 2093 2084 Et
2108 2050 2285 2093 parlamen-

1758 2100 1827 2129 tum
1851 2097 2024 2129 Parisiense
2049 2097 2077 2129 1.
2102 2096 2178 2137 Apr.
2206 2095 2284 2126 1762

1758 2141 1930 2183 suppressit
1943 2142 1982 2173 80
1996 2142 2027 2174 0.
2042 2141 2072 2174 S.
2088 2140 2119 2173 J.
2135 2139 2222 2172 Nihil
2234 2139 2284 2181 ju-

1759 2189 1873 2218 verunt
1897 2185 2140 2228 protestationes
2167 2183 2284 2226 episco-

1757 2240 1869 2272 porum
1906 2230 2015 2263 Galliae
2053 2230 2095 2271 (1.
2122 2228 2213 2271 Maj.)
2252 2231 2285 2260 et

1758 2275 1924 2307 Clementis
1939 2275 2034 2307 XIII.
2050 2274 2093 2316 (3.
2109 2273 2220 2315 Sept.),
2237 2272 2283 2304 ni—

1757 2319 1802 2351 hil
1821 2319 1956 2361 insignes
1976 2319 2090 2351 litterae
2110 2316 2283 2360 pastorales

1757 2364 1980 2406 archiepiscopi
1991 2363 2183 2401 Parisiensis‚
2198 2361 2283 2395 Chri-

1757 2409 1899 2451 stophori
1930 2408 1969 2440 de
1996 2407 2192 2440 Bellomonte
2219 2406 2281 2448 (28.

1757 2453 1842 2495 Oct.)
1868 2453 1902 2485 in
1928 2452 2054 2485 laudem
2082 2455 2115 2484 et
2142 2451 2282 2483 favorem

1737 2586 1819 2618 Nam
1849 2586 2080 2628 parlamentum
2109 2584 2281 2617 Parisiense

1758 2631 1843 2672 quod
1864 2631 1927 2663 iam
1949 2631 1977 2663 6.
2001 2630 2080 2672 Aug.
2104 2630 2182 2662 1762
2205 2631 2282 2660 vota

1757 2675 1888 2717 ‚,impii“
1926 2674 2050 2707 Ordinis
2088 2673 2281 2706 Jesuitarum

1755 2719 1897 2752 invalida
1915 2722 1947 2752 et
1964 2721 2087 2751 cassata
2104 2717 2281 2750 declarave-

1755 2767 1815 2803 rat,
1832 2764 1922 2796 initio
1940 2763 2014 2795 anni
2031 2763 2109 2795 1764
2125 2762 2165 2794 ab
2183 2761 2280 2793 omni-

1756 2808 1814 2840 bus
1832 2808 1929 2840 Sociis
1946 2807 2130 2849 postulavit,
2149 2809 2187 2838 ut
2204 2809 2281 2837 vota

1755 2862 1812 2885 sua
1831 2853 2015 2894 abjurarent
2034 2855 2067 2884 et
2086 2851 2281 2883 declararent

1754 2897 1942 2929 Societatem
1968 2896 2044 2928 Jesu
2070 2904 2278 2937 „perversam,

1754 2941 1900 2974 Ecclesiae
1933 2944 1966 2973 et
1992 2941 2098 2973 Statui
2129 2938 2279 2981 pernicio-

1754 2995 1821 3017 sam
1838 2984 2123 3027 puniendamque“.

1980 3162 2040 3194 333
