2372 3550
132 310 291 347 Hispania,
312 310 470 340 Lusitania

616 308 791 344 Germania,
813 309 953 345 Belgium

1132 308 1254 343 Anglia,
1276 307 1403 337 Polonia

1681 307 1841 336 Missiones
1862 308 1979 337 exterae

65 438 150 469 1584.
171 438 202 469 G.
220 436 397 468 restituitur
414 436 525 476 Anyrae
558 435 635 466 1584
663 437 742 467 Sem.
767 435 894 476 erigitur
918 435 1008 467 Clau·
1042 434 1373 475 1584.Ch1·istophorus
1382 434 1493 465 Radzi-
1526 433 1603 464 1584
1615 433 1775 464 Missiones
1786 443 1841 474 per
1852 433 1985 471 Cretam,
1999 433 2145 471 Charnos,

83 481 224 513 ininsula
237 480 341 512 Tertia
349 480 526 512 Lusitaniae.
578 479 699 519 eliopoli.

63 746 270 778 1577—1595
311 745 444 778 Alonsus
487 746 524 777 de

83 791 256 823 Avendafio
282 790 318 822 O.
344 791 395 822 Pr.
427 800 524 832 oppu-

81 839 159 877 gnat
176 835 362 867 Institutum
378 835 408 866 S.
424 835 453 867 J.
473 845 524 866 ve-

81 879 278 912 hementibus
289 879 487 911 concionibus
499 883 530 911 et

81 924 200 966 spargit
222 923 393 956 calumnias
417 928 527 955 contra

81 969 184 1001 Socios
206 968 239 1000 in
260 968 367 1000 multis
389 968 526 1000 civitati-

81 1013 147 1045 bus.
164 1016 250 1044 Causa
256 1016 335 1043 finita
341 1016 394 1043 fuit
402 1024 449 1051 per
455 1016 529 1043 Nun-

80 1057 148 1084 tium
180 1056 355 1091 apostolicum
378 1056 525 1087 Camillum,

83 1092 264 1119 Patliarcham
308 1092 525 1123 Alexandrinum,

80 1127 214 1155 sententia
219 1127 350 1154 ‹LMatn‘ti
356 1128 443 1154 5.Jan.
451 1128 525 1159 1595,

83 1172 137 1198 qua
154 1163 203 1190 sub
223 1163 337 1190 censuris
357 1163 457 1190 dictum
477 1163 526 1189 Pa-

81 1201 149 1226 trem
178 1199 306 1225 Alonsum
335 1200 413 1227 votat
441 1198 526 1225 dicere

81 1235 228 1269 quidquam
251 1236 344 1261 contra
365 1234 525 1261 Societatem

82 1272 110 1297 et
133 1270 262 1296 ambabus
287 1270 407 1305 part-ibus
432 1270 464 1296 de
489 1270 526 1296 eis

81 1314 139 1340 quae
164 1306 237 1332 tacta
259 1308 330 1337 sunt,
354 1306 469 1340 imponit
493 1306 526 1332 si-

83 1341 203 1370 lentium.

558 613 754 644 1585-1588
765 613 828 644 fere
840 616 909 644 tota
922 612 1019 644 Fran-

577 657 664 688 eom'a
673 660 860 698 procurante
869 657 1008 698 principe

577 701 718 742 episcopo
745 701 829 733 Julio
857 701 1009 742 Herbipo-

576 745 653 777 lensi
681 756 736 787 per
763 745 922 777 missiones
951 745 1009 776 Ec-

577 790 675 822 clesiae
695 790 919 821 reconciliatur.
942 789 1009 820 Vir—

577 838 646 866 tute
673 838 705 866 et
731 834 909 875 eloquentia
934 844 1009 874 prae-

577 879 661 911 ditus
687 888 750 919 prae
777 878 844 910 aliis
862 878 1009 909 Gerardus

580 923 737 964 Phyem'us
752 927 871 954 mentes
888 922 1009 954 audito-

577 978 646 999 rum
665 967 871 1009 praeparabat.

560 1057 635 1088 1585
678 1055 836 1088 Emericus
878 1056 903 1087 F
906 1055 1008 1093 orsler,

579 1101 693 1132 Rector
711 1101 747 1131 Ci-
774 1100 941 1132 Graecensis
961 1110 1010 1132 ca-

577 1145 702 1176 lumniis
734 1145 893 1186 appetitus
926 1145 1010 1186 apud

577 1189 701 1221 Sixtum
717 1189 753 1220 V.
771 1199 790 1220 a
804 1189 931 1221 Claudio
950 1189 1009 1220 Ro-

578 1244 661 1265 mani
673 1238 803 1265 vocatus
815 1243 918 1265 coram
930 1234 1010 1265 Pon-

578 1278 662 1310 tifice
687 1278 776 1319 plene
801 1282 953 1319 purgatur
978 1282 1010 1309 et

576 1323 757 1355 honoratur.

557 1456 676 1488 Eodem
699 1466 781 1488 anno
801 1456 911 1487 Groecii
932 1456 1010 1488 Aca-

577 1501 680 1533 demia
711 1500 892 1532 universalis
923 1501 1010 1532 insti-

578 1546 686 1577 tuitur.

63 1679 140 1711 1585
166 1678 299 1711 Gadibus
326 1679 523 1720 gymnasium
558 1679 635 1711 1585
669 1678 866 1710 Paderbomae
898 1678 1009 1710 scholae

81 1723 258 1755 latinitatis.

577 1723 740 1755 Societatis
766 1723 956 1764 aperiuntur.

555 1812 749 1844 Gamlavense
775 1813 806 1844 C.
834 1811 1008 1849 inchoatur,

578 1856 792 1896 Antverpz'ense
824 1856 1007 1888 restituitur.

560 1945 636 1977 Inde
652 1945 692 1977 ab
710 1955 791 1976 anno
810 1946 885 1976 1586
902 1945 934 1977 in
951 1949 1010 1977 ter-

578 1990 685 2021 ritorio
710 1989 857 2021 Fuzdensz'
879 2000 934 2031 per
956 1990 1010 2021 Ca-

580 2034 716 2066 techeses
729 2038 760 2066 et
767 2034 927 2066 conciones
935 2034 1012 2066 mul-

580 2083 614 2111 ta
628 2078 697 2110 loca
712 2079 752 2110 ad
768 2078 946 2120 religionem
963 2090 1011 2110 ca-

580 2123 727 2155 tholicam
763 2123 893 2155 reducta
927 2128 1009 2155 sunt.

581 2168 667 2199 Idem
681 2167 721 2199 fit
734 2167 766 2199 in
780 2167 936 2205 Helvetia,
952 2168 1011 2199 Ba-

579 2212 675 2251 varia,
698 2211 827 2244 Alsatia.

1060 478 1105 509 vil
1136 478 1283 510 munifice
1316 478 1429 510 fundat
1461 480 1491 510 C.

1061 523 1092 554 N
1095 522 1265 554 esuisiense.

1043 701 1129 732 1584.
1153 700 1189 731 In
1209 700 1310 731 Seotia
1330 700 1493 732 Gordonus

1063 744 1237 782 Huntlaeus,
1275 744 1314 776 ab
1352 755 1378 776 a.
1417 745 1493 775 1585

1062 789 1248 820 Edmundus
1265 788 1375 829 Hayus
1393 794 1424 820 et
1441 789 1494 820 Jo-

1062 843 1158 864 annes
1177 833 1308 864 Duraeus
1328 833 1357 865 S.
1379 833 1408 865 J.
1430 843 1494 864 rem

1062 882 1187 909 strenue
1207 881 1328 919 gerunt.

1045 1055 1180 1087 Polom'oe
1226 1065 1279 1086 rex
1318 1055 1495 1096 Stephanus

1063 1100 1149 1131 favet
1170 1100 1329 1131 Societati.

1044 1189 1120 1220 1585
1135 1191 1212 1227 pr.
1228 1189 1393 1228 Cracovz'ae;
1407 1189 1495 1220 soda-

1061 1233 1167 1265 litates
1191 1233 1376 1265 scholarium
1401 1237 1433 1264 et
1455 1233 1495 1264 ci-

1062 1278 1149 1309 vium
1194 1278 1240 1317 (P.
1272 1277 1407 1319 Scarga).

1062 1322 1143 1353 Socii
1162 1322 1305 1363 Riqenses
1324 1322 1423 1353 turbis
1442 1332 1496 1363 per

1062 1367 1222 1398 haereticos
1261 1366 1405 1398 excitatis
1445 1367 1484 1398 ad

1064 1416 1186 1453 tempus
1207 1411 1362 1443 discedere
1383 1421 1495 1452 cogun-

1063 1460 1123 1487 tur.
1161 1475 1199 1478 —
1235 1457 1266 1487 C.
1302 1456 1495 1497 Derpatcnse

1063 1500 1147 1542 apud
1184 1500 1325 1532 Estones.
1383 1500 1494 1532 Petrus

1062 1544 1177 1586 Scarga
1212 1545 1368 1576 Adamum
1406 1545 1494 1586 Copi-

1062 1589 1164 1627 chum,
1204 1589 1355 1631 insignem
1395 1589 1495 1621 Calvi-

1062 1634 1200 1671 nianum,
1227 1638 1259 1665 et
1284 1633 1493 1665 Christianum

1061 1678 1223 1710 Franchen
1240 1678 1286 1709 bis
1304 1682 1492 1719 apostatam.

1062 1722 1205 1754 Ecclesiae
1226 1723 1373 1754 restituit.

64 2345 141 2377 1586
161 2345 398 2377 Inoarcerantur
416 2345 456 2377 ab
477 2346 527 2378 In-
560 2346 637 2378 1586
653 2346 719 2378 Lue
735 2346 768 2377 in
786 2345 1012 2386 Transylvania
1045 2346 1240 2378 1585-1596
1258 2346 1369 2378 Turbae
1385 2357 1495 2388 graves

84 2389 250 2431 quisitione
270 2389 431 2429 hispanica
450 2390 525 2422 Ant.
579 2394 689 2422 exorta
710 2390 841 2422 extincti
863 2394 936 2422 sunt
957 2390 1011 2422 So-

82 2434 217 2472 Marcen,
227 2433 431 2466 Provincialis
441 2434 527 2467 Tole-

83 2482 175 2510 tanus
193 2481 225 2510 et
241 2477 293 2510 alii
310 2481 381 2510 tres.
413 2482 457 2509 Fit
469 2491 528 2518 pro-

82 2529 169 2563 cessus
193 2522 240 2557 qui
269 2522 350 2549 durat
365 2530 425 2563 'per
456 2522 530 2563 bien-

81 2557 261 2628 fflais
281 2558 528 2621 assamu-

81 2629 157 2656 rialia
179 2629 297 2655 offerunt
312 2629 483 2663 Inquisitioni
500 2632 528 2657 et

82 2664 148 2700 Regi
169 2666 263 2692 contu-a
289 2664 457 2692 Institutum.

65 2833 141 2865 1587
183 2834 417 2866 Commissarius
459 2844 514 2875 pro

85 2878 246 2919 Hispania,
276 2888 368 2920 quem
396 2878 526 2920 Congre-

83 2922 167 2964 gatio
178 2922 376 2963 provincialis
387 2923 526 2955 Castellae

86 2970 261 3008 optaverat,
281 2967 461 3009 denegatur.

279 3099 319 3131 94

580 2435 618 2466 cii
629 2435 666 2466 27
676 2435 758 2466 inter
768 2444 861 2476 opera
870 2434 1018 2467 caritatis

559 2657 645 2688 1587.
668 2657 706 2688 In
727 2656 829 2698 Belgio
844 2657 1009 2688 Farnesius

578 2701 727 2733 Societati
738 2701 1012 2733 traditmissionem

578 2748 762 2778 castrensem.
778 2745 886 2777 Thom.
902 2745 1008 2786 Saissy,

578 2789 695 2831 primus
716 2789 869 2831 Superior.

764 3098 803 3131 95

1065 2390 1172 2422 Romae
1184 2390 1216 2422 in
1229 2392 1260 2423 Ο.
1273 2391 1444 2433 Anglicano
1458 2411 1495 2414 —

1063 2434 1181 2476 sopitae.

1246 3102 1285 3134 96

1547 477 1686 514 Ιεῖῑίειηις
1711 477 1853 519 Ragusae,
1878 478 2014 516 Cathari,
2039 482 2071 510 et
2094 488 2148 519 per

1546 532 1631 553 oram
1660 521 1824 562 Illyricam.

1526 699 1632 731 Julius
1658 700 1697 731 M
1698 700 1863 732 ancinellus
1888 700 2148 740 Constantinopoli

1547 744 1768 776 catholicorum
1783 755 1888 777 curam
1904 744 2001 776 habet
2013 744 2148 776 maxime

1547 788 1753 829 captivorum⁷
1790 800 1858 831 quae
1891 789 1995 820 missio
2025 789 2101 820 1609
2130 799 2148 820 a

1546 833 1564 863 5
1571 833 1676 871 Sociis,
1686 834 1814 874 praeside
1824 833 1984 865 Francisco
1994 833 2147 865 Cauillono

1546 877 1749 909 instauratur.

1529 1055 1605 1086 1585
1625 1055 1734 1096 Legati
1753 1056 1888 1095 Japones
1907 1056 1940 1087 in
1960 1055 2044 1087 Urbe
2064 1056 2147 1097 apud

1548 1099 1742 1131 Pontificem.

1530 1278 1606 1310 1585
1626 1278 1770 1319 Roqen'us
1788 1282 1820 1310 et
1837 1278 1977 1310 Almeida
1994 1278 2026 1309 in
2044 1278 2149 1310 interi-

1541 1332 1606 1354 ores
1617 1322 1761 1354 Sinarum
1772 1323 1948 1364 provincias
1971 1326 2147 1364 penetrant.

1529 1501 1606 1532 1585
1617 1500 1736 1541 Gaspar
1749 1500 1882 1532 Corellius
1894 1500 2038 1541 Japoniae
2050 1503 2086 1534 V.
2100 1503 2149 1533 Pr.

1547 1555 1566 1576 a
1590 1555 1659 1587 rege
1685 1544 1946 1577 Cambacundono
1972 1544 2151 1576 humaniter

1547 1594 1688 1631 receptus
1709 1589 1849 1631 diploma
1868 1589 1900 1620 in
1922 1589 2061 1621 favorem
2082 1589 2150 1621 reli-

1546 1634 1644 1675 gionis
1671 1634 1847 1666 christianae
1872 1634 2030 1675 impetrat.
2054 1652 2091 1656 —
2113 1633 2149 1665 In

1546 1688 1638 1720 regno
1648 1678 1803 1720 Bungensi
1818 1679 1925 1711 12.000
1938 1678 2148 1719 baptizantur.

1528 1946 1605 1978 1586
1642 1948 1750 1978 Franc.
1775 1947 1914 1983 Angulus
1948 1949 1980 1977 et
2003 1947 2150 1976 Altonsus

1548 1992 1685 2021 Barsana
1698 1990 1783 2022 missi
1794 1990 1827 2022 in
1844 1990 2066 2022 Tueumaniam
2079 2000 2149 2021 cum

1548 2045 1660 2076 magno
1677 2035 1781 2066 {ructu
1799 2034 1953 2072 laborant,
1972 2035 1990 2066 2
2007 2034 2150 2066 stationi-

1548 2079 1605 2111 bus
1622 2079 1732 2120 positis
1748 2079 1780 2110 in
1798 2078 1912 2121 oppido
1930 2079 1959 2111 S.
1978 2078 2099 2117 Jacobi,
2118 2083 2151 2110 et

1547 2123 1650 2156 Saltae.
1695 2123 1835 2155 Barsana
1868 2123 1976 2156 20.000
2010 2123 2149 2155 ethnicos

1549 2168 1750 2209 quadriennio
1771 2167 1946 2209 baptizasse
1966 2167 2072 2200 fertur.

1529 2658 1605 2689 1587
1627 2657 1647 2699 †
1667 2657 1858 2695 Franciscus,
1880 2667 1935 2689 rex
1960 2657 2062 2699 Bungi
2082 2656 2149 2689 reli-

1546 2702 1735 2744 giosissimus
1751 2705 1911 2743 promotor
1925 2701 2008 2734 fidei.

1529 2836 1604 2867 1587
1629 2835 1805 2867 Persecutio
1829 2835 1862 2867 in
1885 2835 2031 2875 Japom'a.
2080 2834 2149 2867 Tai-

1548 2890 1673 2912 cosama
1694 2880 1839 2921 prohibet
1860 2879 1958 2921 legem
1981 2879 2095 2911 Christi
2117 2883 2150 2911 et

1547 2925 1585 2956 22
1600 2924 1741 2956 ecclesias
1755 2924 1878 2956 evertit.
1893 2923 2022 2956 Jesuitae
2036 2923 2149 2956 occulti

1547 2972 1677 3001 manent
1696 2969 1729 3000 in
1752 2968 1894 3010 Imperio.

1811 3101 1850 3133 97
