2372 3550
833 257 952 287 summi
972 256 1148 293 Pontifices,

289 279 425 310 Historia
446 279 703 317 contemporanea
819 301 947 331 Litterae
967 301 1156 338 Apostolieae

1229 258 1392 296 Praeposm
1413 260 1443 290 et
1463 260 1719 295 congregationes

1391 305 1553 334 Generales
1929 283 2030 321 Italia,
2050 284 2150 314 Gallia

220 539 307 572 1571.
329 540 356 572 7.
377 539 447 572 Oct.
466 539 607 572 Victoria
625 540 767 572 christia·
797 539 883 571 1571.
908 538 955 571 10.
977 538 1071 571 Mart.
1095 538 1173 571 Cum

239 593 350 616 norum
369 584 402 616 in
414 593 521 625 pugna
530 584 637 616 navali
657 588 767 616 contra
815 583 993 615 litterarum:
1024 587 1172 622 Praecepto-

239 627 355 660 Turcos
375 627 460 670 apud
479 628 692 670 Naupactum,
712 628 766 660 Jo-
816 635 858 653 res
869 627 895 654 S.
910 627 936 654 J·
949 627 1030 654 etiam
1046 627 1094 654 ubi
1108 630 1173 655 ⁵1¹¹]ss

239 682 320 704 anne
341 672 507 705 Austriaco
529 672 616 705 duce.
816 662 1036 734 ἓξζιῗῖἕζὲἓζέ,
1047 663 1173 726 Θξὲᾟξ

817 733 952 760 auditores
968 734 996 760 in
1010 734 1175 761 Universita-

816 769 889 796 tibus
911 769 945 796 ad
957 769 1055 805 gradus
1074 770 1174 797 debent

817 804 934 832 admitti.

796 974 823 1007 7.
853 973 917 1007 Jul.
975 974 1060 1007 Dum
1087 968 1171 1007 inde—

811 1018 912 1059 fessae:
937 1022 1056 1050 Societas
1075 1031 1108 1050 ex
1129 1023 1172 1050 In-

815 1063 912 1089 stituto
935 1062 1089 1090 mendicans
1117 1072 1172 1090 om-

815 1098 889 1125 nium
895 1098 1016 1126 ordinum
1022 1099 1174 1126 mendican-

815 1134 883 1161 tium
903 1134 1046 1170 privilegiis
1062 1135 1171 1170 gaudet.

218 1294 305 1326 1572.
317 1294 365 1327 24.
376 1294 456 1336 Aug.
477 1294 582 1326 Caedes
593 1294 764 1327 multorum
794 1305 968 1337 1572—35
1006 1307 1170 1343 angustus

237 1338 494 1380 Hugonottorum
507 1339 636 1371 Parisiis
650 1339 764 1380 (dictat
816 1350 901 1382 xm,
930 1350 961 1381 c,
990 1349 1169 1381 Romanum

236 1383 362 1433 nuptiae‘
385 1386 523 1415 cruentae
551 1383 763 1434 IJarisienses).
815 1392 941 1425 dotavit
965 1397 998 1425 et
1017 1393 1169 1426 Soojetafi

236 1427 407 1460 Catharma
427 1427 466 1459 de
486 1428 623 1461 Medicrs.
814 1437 880 1469 haec
900 1438 1053 1470 concessit
1074 1438 1169 1479 privi-

814 1480 894 1523 legia
901 1492 907 1513 :

795 1571 826 1612 1)
869 1571 956 1603 1572.
1001 1571 1049 1604 25.
1092 1571 1168 1613 Maj.

813 1614 946 1656 AE'quum
973 1619 1160 1656 reputamus:

815 1659 929 1694 eligendi
970 1662 1170 1687 conservatores

815 1697 844 1721 et
861 1695 963 1729 judices
982 1695 1010 1722 in
1029 1696 1170 1730 quibusvis

815 1731 902 1758 causis
918 1731 1081 1764 forensibus;

793 1811 825 1853 2)
838 1811 925 1845 1573.
939 1811 988 1844 28.
1001 1811 1092 1845 Febr.
1118 1812 1170 1844 Ex

811 1855 892 1888 sedis
935 1856 1118 1896 apostoliam:

813 1899 899 1926 tribus
941 1899 1012 1927 votis
1055 1900 1168 1933 emissis.

814 1935 897 1962 etiam
929 1937 992 1962 ante
1025 1936 1169 1963 Proiessio-

813 1978 884 2003 nem,
901 1971 1046 2006 recipiendi
1062 1972 1169 1999 ordines

814 2009 842 2033 et
855 2007 988 2034 recitandi
1001 2007 1169 2035 Breviarium

815 2042 956 2077 privatim;

793 2122 825 2164 3)
847 2123 934 2156 1575.
957 2123 985 2156 8.
1008 2123 1080 2156 Jan.
1105 2123 1168 2156 Ez-

813 2167 889 2207 poni
922 2167 1026 2200 nobis:
1064 2171 1169 2207 legendi

218 2093 305 2127 1572.
327 2094 376 2127 23.
396 2094 472 2128 Dec.
495 2094 634 2127 Joannes
653 2094 764 2137 Sylva-

236 2148 305 2177 nus,
333 2138 597 2178 Antitrinitarius,
627 2140 660 2172 in
688 2139 767 2172 urbe

235 2182 432 2216 calvinistiea
459 2183 667 2226 Heidelberga
693 2194 765 2226 sup-

235 2227 327 2269 plicio
349 2227 462 2269 capitis
483 2228 632 2267 afficitur,
656 2239 765 2271 quam-

236 2282 331 2314 quam
343 2272 467 2314 publice
487 2277 658 2305 retractare
679 2283 770 2316 para-

237 2320 288 2349 tus
310 2321 388 2350 erat.

815 2247 898 2274 dandi
909 2247 990 2274 libros
1007 2248 1132 2280 aliorum3

814 2372 986 2404 Romanum
1035 2372 1167 2414 Pontifi-

812 2426 885 2448 cem:
932 2419 1067 2456 gaudendi
1085 2421 1165 2456 privi-

812 2459 886 2495 legiis
901 2460 1021 2487 omnium
1036 2460 1166 2489 ordinum

813 2495 855 2530 (at
862 2496 952 2523 omnia
959 2496 1097 2531 privilegia
1105 2504 1166 2523 con-

813 2539 887 2559 cessa
913 2534 1055 2558 censentur
1082 2532 1165 2559 Gene-

813 2567 863 2593 rali
887 2565 922 2594 ab
947 2575 1032 2602 eoque
1056 2567 1166 2606 singulis

813 2602 922 2630 concedi
938 2603 1075 2638 possunt);

791 2682 973 2769 &miggin
988 2684 1053 2759 1131..-
1073 2683 1166 2760 {5232

815 2770 940 2798 medendi
961 2772 1028 2798 citra
1049 2771 1168 2799 adustio—

816 2814 876 2833 nem
897 2809 925 2833 et
943 2807 1110 2839 incisionem

218 2892 515 2968 1¹{174..0r⁸t⁰¹‘¹¹¹¹¹¹
553 2894 585 2928 S.
624 2893 764 2936 Philippi

268 2946 333 2970 ern.

959 3072 999 3105 59

815 2211 896 2238 libros
903 2211 1040 2238 haereticos
1048 2214 1076 2239 et
1082 2220 1169 2239 emen·
1196 2214 1386 2248 Decreta
1398 2215 1480 2250 111,
1493 2215 1735 2258 Congrega-

793 2327 825 2369 4)
840 2328 927 2360 1575·
943 2328 971 2360 3·
987 2328 1062 2370 Ma}
1079 2328 1167 2360 Decet
1214 2318 1254 2351 A.
1268 2321 1336 2350 ante
1353 2319 1538 2351 electionem:
1559 2323 1625 2350 Cum
1638 2323 1733 2350 modus

1195 2789 1219 2815 2.
1238 2791 1347 2824 optatus
1355 2790 1477 2824 proprius
1485 2789 1618 2816 Assistens
1628 2789 1729 2821 Gallias,

1771 409 1849 441 1568
1886 411 2025 442 Ecclesia
2066 412 2096 443 S.
2138 412 2168 443 J.
2207 412 2317 442 Romae

1203 451 1291 485 1569.
1308 452 1417 494 Aprili.
1449 453 1548 494 Epist.
1572 453 1611 484 ad
1626 453 1692 486 ΡΡ.
1711 457 1737 485 et
1794 455 1864 486 Sso.
1905 456 2029 486 Nemini
2078 456 2154 486 Josu
2205 456 2317 490 dicata.

1221 496 1286 530 FF.
1307 496 1395 530 Prov.
1418 498 1612 539 Aquitaniae.-
1636 501 1669 528 de
1686 510 1740 528 me·
1789 498 1910 530 Eodem
1935 509 2017 531 anno
2041 500 2116 537 npr.
2141 500 2159 530 2
2177 499 2316 532 condun-

1221 540 1271 567 diis
1300 542 1475 569 conservandi
1502 541 1625 576 spiritum
1653 542 1740 569 Socie·
1789 546 1855 574 tur:
1885 553 1949 575 una
1976 544 2009 575 in
2038 544 2114 575 urbe
2142 543 2175 576 S,
2205 543 2318 585 Ληρεῖς·

1222 576 1288 603 tatis
1310 579 1338 604 et
1359 577 1507 604 vocationis
1529 580 1634 604 nostrae.
1788 586 1834 628 (in
1857 587 2008 629 Samnio),
2034 587 2134 620 astera
2157 587 2255 620 Noloe.

1768 720 1846 751 1569
1872 720 2004 762 Neapoli
2030 720 2220 753 Benedictus
2245 720 2317 753 Pal-

1788 764 1869 796 mius
1889 774 2003 807 magno
2026 775 2096 797 cum
2118 765 2224 798 fructu
2244 775 2316 798 con-

1202 790 1290 823 1572.
1322 791 1349 823 1.
1380 791 1450 824 Oct.
1788 808 1940 841 cionatur.

1483 791 1503 833 †
1532 793 1655 828 Borma,
1686 791 1740 833 qui

1222 839 1364 867 erexerat
1372 837 1422 868 Pr.
1435 836 1611 867 Romanam
1622 835 1738 877 (1567),

1220 879 1397 912 Peruanam
1411 880 1527 922 (1568),
1541 880 1737 912 Mexicanam

1222 924 1337 966 (1572)-
1767 941 1847 974 1570
1886 942 2074 975 Possevinus
2116 943 2317 976 Caesaroduni

1786 986 1912 1028 (Tours)
1933 990 1965 1019 et
1985 987 2018 1018 in
2039 987 2177 1019 Concilio
2198 987 2316 1020 Veson-

1786 1030 1863 1069 tino,
1882 1030 1936 1063 ubi
1953 1031 2171 1073 promulgatur
2187 1032 2316 1065 Triden-

1210 1101 1523 1145 Hercur1anus,
1559 1105 1731 1136 Everardus
1786 1078 1898 1108 mmm'

1220 1145 1312 1187 (1514
1335 1146 1368 1178 in
1380 1146 1525 1179 Marcour
1539 1151 1644 1186 natus,
1658 1147 1736 1189 ingr.

1211 1190 1339 1223 Parisiis
1345 1191 1437 1233 1548)
1445 1191 1626 1233 aS.Ignati0
1635 1191 1738 1224 factus

1219 1234 1480 1277 Vicepraepositus
1490 1238 1564 1274 Dpr.
1577 1236 1737 1275 Romanae,

1218 1283 1329 1320 postea
1342 1280 1548 1312 Provincialis
1563 1280 1738 1313 Germaniae

1220 1323 1389 1363 Inferioris,
1403 1325 1481 1356 1565
1492 1325 1650 1357 Assistens
1663 1325 1736 1358 Ger—

1218 1368 1340 1407 maniae,
1377 1369 1456 1401 1569
1489 1369 1671 1411 Aquitaniae
1705 1373 1737 1402 et

1218 1412 1358 1445 Franciae
1370 1413 1533 1452 Visitator,
1549 1424 1568 1446 a
1582 1414 1642 1447 ΙΙΙ.
1658 1414 1736 1446 Con-

1217 1466 1300 1499 greg.
1328 1458 1415 1490 1573.
1442 1458 1490 1491 23.
1516 1458 1592 1500 Apr.
1619 1458 1736 1491 electus

1218 1501 1280 1534 fuit
1308 1502 1346 1534 27
1375 1502 1534 1544 suffragiis
1563 1513 1602 1535 ex
1630 1504 1678 1536 47.
1696 1522 1735 1526 —

1220 1545 1297 1581 Grcg.
1313 1546 1384 1573 XIII
1397 1554 1451 1573 non
1464 1549 1561 1582 optans
1575 1547 1730 1574 Generalem

1221 1581 1371 1616 Hispanum
1378 1582 1531 1611 libertatem
1539 1584 1630 1609 tamen
1638 1583 1731 1618 Congr.

1220 1617 1375 1650 concedens,
1391 1619 1548 1653 przemoneri
1562 1621 1670 1645 tanturn
1686 1627 1731 1645 vo-

1220 1652 1278 1685 luit.
1299 1653 1322 1680 si
1342 1653 1478 1689 Hispanus
1498 1656 1568 1681 esset
1587 1654 1730 1689 eligendus.

1220 1689 1273 1716 Sed
1285 1689 1480 1717 Mercurianum
1494 1690 1604 1725 dignum
1618 1699 1674 1717 esse
1687 1690 1731 1717 de-

1220 1725 1376 1752 claraverat.
1422 1726 1479 1752 Rex
1505 1726 1678 1753 Sebastianus
1704 1727 1732 1753 et

1766 1430 1844 1462 1572
1875 1430 2048 1463 Inchoatur
2076 1433 2107 1464 G.
2139 1431 2316 1473 Burdiqalae

1784 1474 1974 1508 liberalitate
2024 1476 2177 1508 senatoris
2217 1476 2316 1509 Fran-

1784 1519 1857 1551 cisci
1869 1519 2011 1552 Baulani.
2033 1520 2240 1553 Concionibus
2252 1521 2316 1553 Ed-

1783 1563 1894 1596 mundi
1929 1564 2013 1603 Haii,
2049 1564 2217 1597 Bertrandi
2254 1565 2316 1597 Ro-

1784 1608 1854 1640 serii
1872 1612 1904 1640 et
1920 1608 2052 1641 aliorum
2082 1610 2160 1641 1200
2177 1609 2316 1642 haeretici

1784 1663 1847 1684 uno
1871 1663 1977 1685 mense
2002 1654 2142 1686 conversi
2168 1658 2252 1687 sunt.

1220 1760 1297 1788 Card.
1315 1761 1445 1788 Henricus
1462 1761 1555 1789 Infans
1571 1763 1732 1797 rogaverant

1220 1796 1331 1832 Papam.
1349 1799 1381 1824 ut
1398 1797 1553 1824 electionem
1571 1797 1732 1824 descendeu-

1219 1831 1254 1858 tis
1277 1840 1294 1859 a
1315 1832 1414 1859 Mauris
1436 1833 1479 1860 vel
1501 1833 1602 1860 Judaeis
1624 1833 1731 1860 omnino

1218 1866 1370 1902 impediret.

1765 2017 1843 2049 1572
1867 2017 1982 2059 Borgia
2005 2017 2038 2050 in
2062 2017 2135 2050 aula
2147 2018 2233 2060 regia
2242 2018 2315 2055 Gaz-

1784 2061 1835 2094 lioe
1866 2061 2099 2104 expeditionem
2129 2072 2187 2104 pro
2219 2072 2315 2096 causa

1784 2106 1956 2138 christiana
1994 2110 2027 2139 et
2075 2107 2314 2140 matrimonium

1782 2150 1961 2183 Sebastiani
2003 2161 2074 2183 cum
2128 2151 2315 2193 principissa

1782 2195 1955 2237 Margarita
1989 2206 2053 2227 non
2089 2196 2237 2229 obtinuit.
2274 2215 2314 2219 —

1786 2239 1818 2265 In
1845 2239 1947 2274 nuptiis
1979 2239 2095 2267 cruentis
2120 2240 2311 2267 Parisiensibus

1784 2275 1894 2302 Jesuitae
1917 2275 2018 2302 nullam
2043 2275 2182 2303 habebant
2199 2278 2312 2311 partem.

1783 2310 1953 2338 Maldonatus
1982 2311 2053 2338 solus
2073 2313 2186 2338 vocatus
2205 2312 2258 2339 fuit
2277 2311 2312 2339 ad

1783 2347 1995 2388 convertendum.
2017 2347 2173 2388 ’Henricum
2199 2347 2232 2373 de
2257 2347 2312 2375 Na-

1782 2390 1943 2445 §efficia
1959 2390 2148 2459 ῗὲἒέῳὲθὲῗ,
2167 2383 2313 2454 miss}

1780 2461 1844 2480 mox
1863 2453 1961 2480 iterum
1983 2453 2104 2481 descivit.

1222 2258 1372 2294 tionis:

1217 2362 1378 2397 procedendi
1399 2362 1455 2397 jam
1478 2364 1548 2389 esset
1570 2362 1636 2390 satis
1659 2363 1728 2390 ordi-

1216 2399 1306 2430 natus,
1319 2398 1352 2425 de
1365 2398 1492 2426 electione
1504 2398 1561 2425 sola
1573 2400 1614 2426 est
1627 2401 1725 2426 actum.

1215 2432 1324 2468 Maioris
1353 2434 1483 2461 momenti
1511 2434 1648 2462 decretum
1677 2436 1727 2467 est,

1216 2470 1248 2495 ut
1266 2469 1468 2496 informationes
1488 2470 1558 2497 circa
1577 2470 1728 2505 eligendum

1214 2512 1269 2531 non
1281 2504 1332 2532 nisi
1344 2513 1361 2532 a
1372 2505 1497 2532 membris
1511 2505 1727 2541 Congregationis

1214 2540 1294 2573 juxta
1330 2540 1568 2576 Interrogatorium
1604 2541 1639 2568 ad
1674 2542 1726 2568 hoc

1215 2576 1367 2603 contectum
1384 2578 1520 2611 petantur.

1192 2655 1231 2688 B.
1252 2660 1319 2697 post
1340 2657 1523 2689 electionem:

1194 2711 1218 2735 1.
1237 2708 1347 2736 diversae
1363 2710 1522 2744 quaestiones
1538 2709 1607 2736 circa
1622 2709 1730 2737 electio-

1237 2752 1297 2771 nem
1311 2747 1340 2772 et
1353 2745 1461 2780 negotia
1475 2745 1564 2772 decisa
1577 2747 1653 2778 sunt;

1238 2832 1297 2859 qu„
1320 2824 1355 2851 ad
1373 2825 1561 2852 Assistentiam
1581 2825 1729 2852 Germaniae
1758 2808 1847 2859 1572.
1862 2807 2092 2859 5..1)εο..Β,111111
2107 2808 2168 2848 „In
2183 2818 2307 2859 supere-

1237 2860 1398 2895 pertinebat,
1424 2863 1538 2895 negatur
1563 2861 1730 2896 (conceditur
1775 2852 1931 2885 minent1“
1956 2856 2047 2894 erigit
2071 2854 2102 2885 ο.
2123 2856 2155 2884 et
2174 2852 2307 2886 Univer-

1237 2904 1254 2923 a.
1270 2896 1363 2931 ⁰⁰¹²&-
1382 2895 1449 2930 V1·)-
1776 2897 1903 2930 sitatem
1922 2896 2204 2938 Mussipzmtanam.

1441 3073 1480 3106 60
1999 3073 2038 3107 61
