2372 3550
49 281 2129 302 Μ

597 342 772 378 Germania,
793 341 934 378 Belgium
1004 308 1026 415 [
1116 339 1239 376 Anglia,
1259 338 1388 369 Polonia

113 346 272 382 Hispania,
292 344 452 375 Lusitania
1667 334 1828 365 Missiones
1849 333 1966 363 exterae

45 473 134 505 1758«
153 473 180 504 1.
200 472 274 513 Apr.
296 471 389 502 Brevi
409 470 506 502 Bene·
539 469 618 501 1754
633 479 652 500 a
666 470 715 501 Pr,
732 468 889 500 Bohemiae
904 478 991 509 sepa·
1025 467 1102 499 1755
1129 466 1317 498 Assistentia
1340 463 1476 496 Pozcmiae

74 517 151 549 dicti
161 516 248 548 XIV.
262 514 432 547 Cardinalis
442 514 508 546 Sal·
558 517 647 545 ratur
674 515 723 545 Pr.
751 512 870 544 Silesioe
899 516 993 544 aucta
1045 511 1181 552 erigitur,
1198 514 1230 542 et

76 561 181 593 danha
203 560 355 592 Visitator
373 559 509 591 Societa-
559 557 670 589 deinde
688 557 860 589 accessione
879 557 992 588 Borus-
1026 564 1103 596 1756
1119 563 1284 595 dividitur:

75 606 116 637 tis
135 605 168 636 in
187 604 351 636 Lusitania
366 603 506 635 nomina·
560 602 612 634 siae
622 602 744 643 proprie
756 601 847 633 dictae
857 601 915 633 sub
926 601 992 632 Fri·
1045 618 1061 648 1
1095 619 1134 647 Pl.
1163 615 1299 647 poloniae
1318 616 1350 647 in

74 654 136 688 tus,
148 648 430 690 15.Maj.Jesuitas
440 657 508 679 reos
560 647 662 678 derioo
687 646 728 678 II.
754 646 961 678 1773—1776.
1066 643 1072 649 '
1135 641 1144 649 ’

73 693 245 726 declaravit
252 692 428 725 commercii
438 701 510 724 con-

73 742 124 770 tra
134 747 267 770 canones
279 736 417 769 exerciti.

1610 493 1641 518 V.
1659 493 1701 518 Pr.
1718 492 1934 523 Maragnonensis
1951 491 2028 517 1753.

1562 547 1589 572 c.
1606 545 1822 579 Maraguonense,
1841 544 1983 575 Paraense;

1565 591 1634 616 sem.
1652 589 1872 623 Maragnonense;

1563 635 1595 659 R.
1612 633 1705 659 Matris
1725 632 1783 664 Dei,
1803 630 2057 666 Tapuytaperensis;

1565 679 1635 704 Sem.
1671 677 1865 707 Guanareense,
1901 675 2110 710 Symbaybense,

1530 712 1673 744 Paraense;

1563 758 1596 783 D.
1614 755 1755 791 Vigiensis;

1563 802 1601 827 Μ.
1618 800 1660 827 28.

1681 844 1739 870 Sac.
1843 843 1875 869 91

1094 670 1126 710 α)
1146 669 1289 710 majorem
1303 672 1335 700 et

1094 713 1124 755 b)
1145 713 1303 753 minorem,-

1045 767 1073 798 2.
1095 768 1144 799 Pr.
1166 766 1342 798 Lithuaniae
1360 765 1392 797 in

1096 820 1128 861 a)
1148 818 1346 851 Dithuaniam
1364 823 1396 850 et

542 868 619 900 1755
632 867 813 909 Inyolstadii
824 867 926 899 adhuc
939 866 996 898 flo—
1096 863 1126 905 b)
1147 863 1185 895 M
1187 864 1328 896 asoviam.

559 914 804 950 retCOIIOQUium
811 914 997 948 Marianum,
1028 919 1077 949 Pr.
1096 918 1269 948 Lithuaniae
1287 915 1474 948 numerabat

563 962 595 989 et
612 957 736 998 quidem
753 960 820 988 tum
836 956 995 988 internum
1242 973 1310 1001 ante
1347 972 1413 1009 post
1427 968 1489 1000 div·

562 1002 595 1033 in
611 1004 653 1039 0.,
671 1005 739 1032 tum
756 1004 930 1039 externum,
947 1000 997 1032 cui

46 828 219 868 Postquam
246 829 337 857 nocte
366 835 385 857 a
411 825 439 858 3.
468 825 509 857 ad

66 873 94 904 4.
115 870 315 913 Septembris,
336 874 373 902 ut
390 870 423 901 in
442 869 509 901 vul-

65 926 139 958 gum
168 915 382 956 spargebatur,
412 914 509 946 telum

67 971 83 993 e
96 960 233 1001 sclopeto
248 959 393 991 emissum
412 962 460 990 est
477 959 510 990 in

67 1014 202 1043 currum,
216 1004 266 1035 cui
278 1013 332 1035 rex
344 1003 510 1041 insidebat,

1682 915 1762 942 Coad.
1844 914 1878 940 26

1681 879 1768 906 Schol.
1843 879 1877 905 38
1895 843 1910 948 ἶ
1929 879 1978 905 155

66 1049 126 1091 ipsi
143 1059 205 1080 nex
222 1051 336 1090 parata
353 1058 418 1079 esse
435 1047 511 1079 fere·
563 1045 654 1077 muiti
678 1045 827 1087 adscripti
851 1048 926 1076 sunt
949 1055 997 1076 sa·
1058 1069 1079 1099 c
1237 1014 1314 1098 136
1394 1013 1471 1097 1739

67 1093 171 1126 batur.
564 1090 713 1122 cerdotes.
1058 1092 1090 1143 D·

1086 1120 1131 1150 pr.
1276 1112 1294 1143 2
1435 1112 1453 1142 1

48 1182 220 1223 Conjurati‚
244 1181 296 1223 qui
318 1180 511 1219 dicebantur,
1058 1158 1137 1232 pr.
1276 1156 1295 1232 ξ
1435 1156 1456 1231 Ξ

67 1226 205 1259 Marchio
230 1225 269 1257 de
294 1225 417 1257 Tavora
441 1236 513 1257 cum
1059 1225 1097 1276 Μ’
1258 1245 1297 1276 60
1417 1244 1456 1275 30

68 1270 189 1303 familia
207 1274 239 1302 et
258 1269 323 1301 dux
342 1269 380 1301 de
399 1270 512 1302 Aveiro
1094 1269 1102 1278 ⁸

68 1315 185 1357 injuste
195 1314 394 1346 condemnati
405 1318 437 1346 et
447 1324 514 1346 cru-
1061 1309 1128 1340 Sac.
1239 1307 1298 1338 484
1398 1306 1457 1337 273

70 1360 223 1392 delissime
243 1359 333 1390 occisi
352 1363 440 1397 sunt;
461 1359 515 1390 sed
548 1357 625 1388 1758
637 1357 729 1388 Liber
741 1356 815 1388 baro
824 1357 860 1387 de
871 1357 1001 1387 Schneid
1061 1352 1162 1385 Schol.
1240 1352 1299 1383 289
1401 1351 1457 1382 175
1521 1352 1607 1383 1757.
1639 1350 1686 1382 28.
1714 1350 1793 1382 Nov.
1823 1350 1851 1381 Ε
1874 1350 2080 1391 Maragnonio
2106 1350 2144 1381 15

70 1405 199 1436 Jesuitae
210 1404 275 1435 sine
287 1403 351 1434 ulla
360 1403 515 1444 inquisiti·
568 1400 833 1433 Bavaro-Ducalis
872 1401 912 1432 ad
952 1410 1001 1432 co·
1063 1397 1156 1429 Coad.
1240 1397 1297 1427 341
1400 1396 1458 1427 197
1540 1395 1668 1427 Jesuitae
1682 1395 1788 1426 navim
1805 1394 2009 1426 conscendere
2023 1394 2099 1435 jussi
2113 1399 2145 1426 et

71 1459 129 1481 one
160 1447 323 1489 complices
354 1447 515 1486 declarati,
568 1446 658 1477 mitia
689 1445 930 1477 Ratisbonensia
960 1445 1002 1476 le-

71 1493 173 1525 edicto
201 1492 283 1533 regio
311 1492 340 1524 d.
370 1492 398 1524 3.
427 1493 515 1533 Sept.

73 1538 150 1570 1759
168 1537 200 1568 in
218 1540 404 1578 perpetuum
423 1547 439 1568 e
457 1537 517 1568 Lu-

73 1582 187 1614 sitania
220 1581 395 1622 proscripti,
431 1582 518 1613 navi—

73 1627 130 1658 bus
157 1626 305 1667 impositi,
333 1626 365 1656 in
392 1625 518 1657 Statum

568 1495 669 1532 gatus,
696 1490 768 1522 novi
794 1490 1002 1522 Ratisbonen-

570 1536 610 1567 sis
647 1534 802 1576 gymnasii
839 1538 1004 1566 structurae

571 1580 640 1618 fuit,
668 1583 699 1611 et
724 1589 806 1610 nunc
832 1583 879 1610 est
903 1588 1002 1616 novae,

572 1634 665 1666 quam
701 1623 762 1656 ΡΡ.
799 1623 1004 1661 meditantur,

1063 1460 1167 1491 Socios
1223 1460 1300 1490 1114

1401 1457 1459 1489 645

73 1670 272 1712 pontificium
288 1670 380 1708 vecti,
399 1680 418 1701 a
432 1670 520 1711 Papa

571 1669 664 1710 Lycei
696 1668 821 1699 fabricae
852 1672 1005 1709 patronus

75 1716 152 1747 bene
186 1714 301 1755 recepti
336 1718 368 1745 et
402 1715 519 1755 partim

572 1712 813 1745 efficacissimus.
854 1712 904 1744 Ex
924 1713 1004 1744 inte-

76 1759 209 1798 Tusculi,
223 1758 375 1800 partimin
385 1758 518 1791 Castello

76 1803 233 1842 Gandulfi,
254 1803 369 1844 partim
389 1803 456 1835 aliis
475 1803 519 1835 lo-

77 1849 119 1881 cis
139 1847 282 1880 collocati
301 1851 384 1880 sunt.

570 1767 624 1799 gro
647 1767 729 1789 novo
752 1756 915 1798 gymnasio
939 1766 1005 1788 eor-

571 1801 738 1843 respondet
783 1801 1004 1842 discipulorum

572 1850 604 1878 et
619 1846 798 1878 docentium
814 1845 926 1878 fervor.

557 2247 635 2279 1760
653 2247 671 2278 2
690 2246 772 2279 Socii
790 2246 950 2278 missiones
971 2247 1008 2278 17

576 2291 719 2333 majores,
736 2291 869 2323 minores
885 2291 914 2329 5,
933 2290 1009 2323 alias

576 2336 608 2368 in
637 2335 815 2368 Palativwstu
842 2335 1008 2377 superiore,

577 2380 653 2412 alias
675 2380 708 2412 in
730 2380 847 2412 ducatu
871 2380 1010 2412 Neobur-

576 2425 662 2466 gensi
710 2424 889 2457 habuerunt
939 2434 1010 2456 cum

577 2470 681 2501 fructu
707 2479 763 2511 per
790 2469 848 2501 Dei
875 2469 1010 2510 gratiam

577 2514 742 2553 uberrimo,
761 2524 780 2545 a
796 2513 939 2555 parochis
958 2523 1011 2555 op-

577 2558 653 2590 time
684 2558 805 2600 accepti
835 2562 868 2590 et
898 2557 1010 2599 adjuti,

577 2613 640 2634 uno
659 2602 723 2635 solo
743 2606 874 2644 excepto
893 2606 926 2634 et
945 2602 1011 2644 qui-

578 2647 649 2679 dem
662 2647 777 2679 ordinis
790 2647 952 2679 Teutonici
964 2656 1012 2678 sa-

579 2692 712 2731 cerdote,
756 2692 810 2734 qui
851 2691 1012 2723 missiona-

578 2736 631 2768 riis
648 2735 793 2768 ridiculas
811 2739 844 2768 et
860 2735 1013 2767 molestis-

579 2781 672 2812 simas
699 2780 818 2813 creavit
844 2779 1013 2812 difficulta-

580 2829 641 2857 tes:
656 2825 711 2857 sed
724 2828 835 2866 postea
848 2835 867 2856 a
880 2825 943 2856 suis
956 2824 1014 2856 Su-

579 2870 753 2911 perioribus
770 2869 899 2911 punitus
916 2868 986 2900 fuit.

284 3136 344 3169 326
769 3135 828 3168 327

1170 1683 1297 1713 Polonia
1315 1681 1420 1722 Major
1436 1679 1501 1712 Pol.

1256 1730 1324 1758 ante
1360 1729 1425 1766 post
1435 1725 1500 1757 div.

1246 1779 1322 1811 1756
1404 1778 1481 1810 1759

1067 1835 1099 1866 c.
1267 1833 1305 1864 28
1426 1831 1463 1863 12

1067 1880 1141 1917 Dpr.
1287 1878 1304 1909 1
1446 1876 1463 1907 1

1068 1924 1146 1961 pr.
1287 1923 1304 1954 1
1446 1921 1464 1952 1

1068 1969 1106 2000 R.
1267 1967 1304 1998 11
1445 1965 1464 1996 5

1069 2014 1112 2045 Μ.
1267 2012 1305 2042 42
1426 2009 1465 2041 23

1069 2075 1136 2107 Sac.
1247 2073 1306 2105 556
1407 2072 1466 2103 260

1069 2118 1170 2151 Schol.
1247 2118 1305 2149 311
1407 2116 1464 2148 132

1069 2164 1163 2196 Coad.
1248 2163 1306 2194 278
1408 2161 1465 2192 149

1070 2225 1175 2258 Socios
1230 2225 1307 2257 1145
1407 2223 1465 2255 541

1044 2421 1120 2453 1757
1151 2420 1225 2452 Coll.
1259 2419 1496 2460 Brunsberqeme

1063 2475 1134 2497 cum
1152 2468 1222 2497 tota
1239 2464 1366 2497 Varmia
1384 2463 1423 2495 ab
1441 2463 1497 2495 ho-

1063 2509 1186 2541 stilibus
1221 2508 1405 2547 incursibus,
1444 2507 1497 2549 qui

1062 2554 1271 2596 propinquam
1278 2553 1435 2585 Prussiam
1446 2553 1498 2585 de-

1063 2598 1244 2637 vastabant,
1265 2598 1397 2630 liberum
1426 2597 1495 2629 fuit.

1046 2821 1123 2853 1758
1149 2820 1270 2853 Caritas
1295 2829 1428 2852 annonae
1454 2819 1498 2851 ai-

1065 2865 1149 2897 flixit
1173 2865 1302 2897 domum
1326 2864 1498 2906 professam

1068 2910 1251 2948 Vilmmsm,
1283 2909 1365 2941 sicut
1396 2912 1499 2941 totam

1066 2954 1278 2987 Lithuaniam.

1253 3132 1313 3165 328

1541 1441 1588 1472 17.
1621 1440 1696 1471 Feb.
1729 1439 1807 1471 1758
1840 1439 2059 1480 Uiyssiponem
2091 1438 2145 1470 ad-

1542 1484 1634 1522 vecti,
1669 1484 1709 1515 ad
1730 1484 1818 1515 varia
1839 1483 1908 1515 loca
1929 1484 2051 1515 minora
2071 1483 2145 1515 rele-

1540 1533 1656 1571 gantur
1676 1539 1695 1561 a
1716 1528 1888 1560 Pombalio.

1528 2242 1604 2274 1759
1630 2241 1759 2273 Jesuitae
1771 2241 1803 2272 in
1816 2240 1945 2273 urbibus
1960 2239 2152 2272 Brasiliensi-

1547 2287 1605 2318 bus
1642 2285 1793 2317 Fluminis
1829 2285 1973 2317 Januarii
2010 2288 2043 2317 et
2078 2284 2151 2316 Per-

1547 2330 1694 2363 nambuci
1717 2330 1802 2371 capti
1826 2330 1984 2362 vehuntur
2006 2330 2039 2361 in
2063 2329 2151 2361 Lusi—

1549 2376 1677 2408 taniam.

1813 3130 1872 3162 329
