2372 3550
787 315 906 345 Summi
926 313 1101 350 Pontifices,

250 340 386 371 Historia
406 339 663 375 contemporanea
774 360 901 390 Litterae
922 358 1111 395 ΑΒΘ-πωπω

1186 314 1348 350 Praepositi
1369 315 1399 345 et
1419 315 1674 352 congregationes

1348 359 1509 389 Generales

1885 338 1985 374 Italia,
2005 338 2103 368 Gallia

180 467 252 500 Dus.
275 466 453 509 Alphonsus
475 465 530 498 VI.
554 464 721 497 1656—83.
756 463 842 496 1656.
871 464 919 495 24.
948 462 1010 495 Jul.
1039 462 1128 494 Alias
1161 463 1248 495 1653.
1297 463 1346 496 30.
1377 464 1462 505 Sept.
1503 463 1622 504 Epist.:
1654 468 1695 495 De
1727 464 1805 496 1656
1829 465 1978 504 Societas,
2003 465 2162 497 mediante
2187 476 2270 498 sum-

774 508 823 548 sel.
840 518 895 540 ree.
907 507 1027 540 Imma:
1038 511 1129 538 Statu·
1184 515 1273 533 amore
1292 509 1319 534 et
1338 507 1428 535 studio
1446 508 1568 543 perfectae
1582 517 1692 543 pauper-

778 554 838 579 tum
865 551 1015 578 Innocentii
1032 551 1067 578 X.
1095 552 1106 586 (

775 588 837 615 Jan.
864 587 943 622 1646)
967 589 999 614 ut
1019 595 1132 614 munera

778 623 869 658 elapso
892 622 1008 650 triennio
1033 624 1132 649 vacent

779 660 808 686 et
815 659 862 694 qui
868 658 920 685 illis
927 658 1015 686 iuncti
1021 658 1130 690 fuerint,

779 702 826 729 per
837 702 937 721 annum
949 703 1010 721 cum
1021 694 1131 721 dimidio

779 732 890 762 cessent,
913 730 948 757 ad
969 729 1132 765 sesquienni-

779 774 825 793 um
837 766 1018 801 suspenditur.

179 821 276 855 Germ.
289 820 465 863 Leopoldue
478 821 502 853 I.
516 820 722 853 1658—1705.

759 1219 845 1251 1657.
876 1220 923 1252 12.
954 1219 1024 1252 Oct.
1054 1220 1132 1252 Cum

777 1263 854 1295 sieut
875 1264 973 1296 nobis:
998 1267 1134 1295 Exercitia

783 1308 939 1349 spiritualia·
954 1309 1026 1350 apud
1046 1309 1064 1336 J
1065 1309 1132 1335 esui-

780 1345 823 1406 {i}
830 1343 1135 1414 ἶῗὲἓὲἒὲῗοῗέἒαξὲὦῖἶ

184 1442 262 1474 1658
295 1441 316 1485 1-
349 1441 599 1475 Bartholomaeus
634 1443 727 1475 Holz-

204 1487 325 1520 hauser.

184 1665 262 1697 1658
272 1664 429 1698 Sooiniani
439 1675 455 1698 e
464 1665 595 1698 Polonia
603 1665 728 1698 exulare

203 1709 362 1750 jubentur.

186 1975 264 2008 1659
287 1975 402 2007 Viam-ii
424 1974 597 2017 Apostolioi
620 1976 729 2018 (Laza-

204 2019 302 2062 ristae)
324 2019 534 2071 ‘nomina-ntur
561 2030 618 2062 pro
647 2021 729 2054 Sinis

205 2068 238 2097 et
258 2067 348 2097 tems
369 2074 488 2097 viclms.

186 2197 277 2240 Anql.
299 2197 426 2231 Carolus
447 2198 490 2231 II.
513 2199 679 2232 1660—85.

761 2509 848 2541 1661.
884 2509 911 2541 1.
947 2507 1021 2540 Jun.
1057 2508 1135 2540 Cum

780 2553 857 2585 siout
881 2552 1068 2592 accepimus:
1095 2556 1135 2583 fa-

783 2597 869 2624 cultas
891 2597 972 2624 datur
990 2596 1135 2631 Gongrega-

782 2633 851 2660 tioni
879 2631 996 2668 generali
1023 2632 1136 2667 eligendi

783 2667 1137 2703 vicariumgeneraiemcum

782 2704 841 2738 jure
852 2703 1024 2731 successionis
1042 2705 1070 2730 et
1079 2703 1137 2730 uni-

782 2739 880 2766 versali
906 2748 937 2766 ae
962 2738 1046 2766 libero
1062 2747 1135 2766 exer-

783 2775 846 2802 citio
870 2774 1021 2810 potestatis.

782 2900 830 2932 30.
849 2899 929 2942 Aug.
955 2899 1044 2931 Alias
1064 2909 1131 2932 nos:

783 2943 891 2971 decreta
919 2942 1135 2978 Gongregetionis

800 2979 911 3006 enerelis
928 2978 999 3006 circe
1015 2978 1135 3006 officium

806 3014 882 3042 iearii
912 3014 1041 3050 generalis
1074 3022 1135 3041 eon-

782 3050 934 3079 firmantur.

433 3128 492 3161 210
916 3130 974 3162 211

1108 552 1131 578 1,
1183 543 1257 570 tatis.

1746 519 1798 559 mo
1818 509 1982 549 Pontifice,
2008 510 2148 542 Venetias
2169 520 2269 542 rever-

1747 557 1835 586 titur.

1162 729 1250 761 1656.
1268 729 1315 761 16.
1334 729 1414 762 Nov.
1430 730 1543 771 Epist:
1556 734 1598 761 De
1606 735 1692 762 natio·
1727 731 1805 763 1656
1835 731 1951 763 Contra
1981 731 2127 770 „laxam“
2158 732 2272 764 doctri-

1184 773 1240 800 nali
1256 773 1464 809 provincialique
1481 774 1627 810 pernicioso
1644 775 1696 810 spi-

1186 809 1240 836 ritu
1257 809 1285 836 in
1302 809 1435 837 Societate
1452 810 1572 838 vitando.

1220 1094 1262 1120 Pr.
1284 1094 1370 1120 Rheni
1390 1095 1524 1122 Inierloris
1545 1097 1622 1123 1856.

1212 1148 1280 1179 pr.
1303 1147 1477 1180 Trevirensis;

1212 1191 1239 1217 0.
1270 1190 1492 1226 Aquisgranense,
1522 1192 1672 1225 Bonnense,

1178 1226 1675 1259 Coloniense‚Confluentinum‚Diisse1-

1178 1261 1325 1297 dorpiense,
1352 1263 1531 1295 Embricense‚
1559 1263 1672 1291 Hildesi-

1179 1305 1249 1330 ense,
1266 1298 1499 1330 Marcoduranum,
1517 1299 1672 1326 Monasteri-

1180 1341 1241 1360 ense
1252 1334 1358 1366 Eiffliae,
1369 1334 1576 1361 Monasteriense
1587 1335 1672 1362 West-

1180 1369 1250 1403 phal.
1256 1390 1262 1401 ‚
1269 1369 1439 1402 Novesiense,
1448 1370 1672 1404 Paderbormmse,

1180 1405 1330 1440 Sigenense,
1344 1405 1510 1438 Trevirense;

1214 1450 1247 1476 R.
1255 1449 1447 1482 Cosfeldiensis‚
1457 1450 1673 1483 Hadamarensis,

1180 1484 1347 1525 JuliacensiS,
1367 1485 1526 1521 Meppensis,
1547 1486 1674 1513 Sancten-

1180 1528 1229 1552 sis;

1214 1566 1251 1591 M.
1258 1565 1437 1600 Arensbergae,
1446 1566 1564 1598 Bomem,
1573 1566 1684 1599 Bremae,

1180 1600 1343 1633 Bueholfflae,
1353 1601 1475 1634 Burenae,
1485 1602 1674 1634 Embslandiae,

1181 1636 1300 1663 Falkenh
1335 1644 1366 1668 ω,
1385 1637 1474 1664 Frisiae
1493 1638 1596 1670 orient„
1616 1638 1674 1665 Gei-

1181 1673 1238 1704 stae,
1253 1672 1320 1699 Gliic
1353 1673 1429 1705 tadii,
1443 1673 1469 1700 S.
1485 1673 1587 1706 Goalis,
1602 1674 1685 1700 Ham-

1181 1708 1267 1742 burgi,
1308 1708 1506 1744 Herensbergae,
1547 1709 1685 1742 Holsatiae‚

1182 1743 1332 1779 Osnabrugi
1349 1745 1377 1771 et
1397 1744 1425 1771 in
1447 1744 1562 1777 dioecesi,
1581 1745 1686 1772 Raven-

1182 1779 1279 1812 steinii,
1293 1779 1491 1814 Sagterlandiae.

1182 1824 1240 1851 Sao.
1299 1824 1351 1851 264
1368 1823 1384 1930 }
1430 1825 1480 1851 533
1498 1825 1661 1860 computatis

1182 1859 1269 1887 Schol.
1300 1860 1350 1886 112
1401 1860 1523 1888 exulibus
1543 1861 1577 1888 13
1603 1869 1617 1888 e
1642 1861 1685 1888 Li-

1183 1895 1264 1923 Coad.
1299 1896 1349 1923 157
1398 1896 1512 1923 thuania
1526 1898 1554 1924 et
1565 1897 1683 1925 Polonia.

1747 785 1822 807 nam
1850 775 1999 808 moralem
2028 776 2057 808 S.
2088 776 2118 808 J.
2149 776 2272 809 Blasius

1747 819 1859 852 Pascal
1874 820 2016 861 publicat
2034 820 2188 861 Epistolas
2205 831 2272 861 pro-

1747 864 1890 896 vinciales
1913 865 1952 896 ob
1973 865 2095 897 dicendi
2115 875 2211 907 genus
2226 865 2273 897 in-

1747 908 1907 950 geniosum
1932 909 1996 942 late
2029 910 2169 949 diffusas,
2205 920 2274 952 quae

1749 957 1856 986 tamen
1867 953 1947 995 regis
1958 953 2046 995 jussu
2059 955 2138 986 1660
2149 954 2273 996 publice

1749 998 1922 1031 combustae
1941 1001 2024 1031 sunt.
2059 998 2137 1040 Ejus
2157 999 2274 1031 calum-

1749 1042 1817 1074 nias
1834 1043 1942 1075 statim
1959 1043 2095 1075 refutare
2111 1047 2275 1085 coeperunt

1749 1086 1827 1119 1657
1856 1087 1960 1120 Jacob.
1992 1088 2068 1119 Noet
2096 1091 2128 1120 et
2163 1088 2273 1121 Franc.

1748 1131 1863 1164 Αηηαι.
1923 1132 2060 1164 Doctam
2113 1133 2197 1164 omni
2236 1143 2275 1165 ex

1749 1180 1839 1218 parte
1871 1176 2118 1209 confutationem
2150 1177 2275 1219 scripsit

1751 1221 1828 1253 1694
1847 1223 1937 1253 Gabr.
1959 1222 2078 1253 Daniel.

1733 1666 1810 1698 1659
1838 1668 1943 1698 sforza
1963 1668 2168 1698 Pallavicinus
2191 1677 2274 1698 crea-

1752 1715 1805 1743 tur
1825 1710 1997 1743 Cardjnalis
2018 1710 2051 1753 (†
2071 1711 2171 1753 1667).

1733 1977 1810 2009 1659
1822 1977 1985 2019 Templum
1997 1979 2028 2010 0.
2043 1977 2207 2017 Tiburtini,
2221 1977 2277 2010 ubi

1751 2021 1885 2064 plurima
1923 2021 2077 2064 religionis
2129 2021 2277 2054 exercitia

1751 2066 1936 2109 (conciones,
1969 2066 2181 2099 Sodalitatum
2215 2077 2276 2099 coe-

1751 2115 1812 2150 tus,
1844 2111 2076 2143 communiones
2104 2110 2275 2153 generales)

1750 2155 1880 2195 fiebant,
1899 2155 2160 2197 frequentabatur
2194 2165 2275 2197 saepe

1751 2210 1770 2232 a
1785 2200 1855 2242 plus
1872 2199 1958 2232 mille
1974 2199 2162 2233 hominibus.

1165 2509 1451 2552 Gongregatio
1458 2511 1701 2552 XLestprima
1731 2511 1808 2543 1661
1827 2510 1864 2542 In
1882 2510 1999 2552 templo
2017 2512 2048 2543 G.
2068 2510 2274 2543 Rhedonensis

1186 2555 1216 2585 vi
1226 2555 1337 2586 decreti
1346 2556 1518 2586 Innocentii
1527 2557 1565 2588 X.
1576 2558 1698 2594 enacim

1185 2599 1394 2639 praeoedentes
1426 2599 1552 2632 fuerant
1585 2600 1698 2633 accele-

1186 2646 1263 2719 raliae
1278 2647 1468 2684 praematura
1483 2647 1583 2677 morte
1600 2644 1698 2678 Gene—

1186 2697 1221 2718 ra
1245 2698 1307 2720 um.

1400 3130 1459 3162 212

1750 2555 1889 2597 sepultus
1921 2559 1968 2587 est
1996 2565 2102 2587 mense
2131 2555 2274 2597 Augusto

1750 2600 1860 2632 Franc.
1869 2599 2028 2632 Kiruanus
2036 2599 2196 2641 episcopus
2202 2599 2274 2632 Ala-

1750 2644 1853 2676 densis
1884 2643 1917 2676 in
1950 2643 2110 2683 Hibernia,
2145 2647 2275 2685 accepta

1750 2688 1815 2730 jam
1841 2698 1861 2720 a
1885 2688 2028 2721 Generali
2052 2687 2152 2720 Mutio
2177 2687 2274 2720 Vitel-

1750 2732 1831 2765 lesco
1846 2732 2045 2774 permissione
2061 2735 2138 2764 vota
2151 2732 2184 2764 in
2200 2732 2274 2764 arti-

1750 2777 1819 2809 culo
1840 2777 1949 2809 mortis
1971 2776 2143 2809 emittendi.

1964 3130 2023 3162 213
