2372 3550
101 309 260 346 Hispania,
280 308 438 338 Lusitania

584 307 758 342 Germania,
780 306 919 342 Belgium

1103 307 1225 342 Anglia‚
1246 307 1374 337 Polonia

1652 307 1811 337 Missiones
1832 308 1949 337 exterae

30 923 106 955 1579
117 924 147 955 C.
159 923 342 964 Hispalense
352 933 494 954 numera-

49 967 106 999 bat
121 968 180 999 900
196 967 358 1006 scholares,
377 967 491 1000 Cordu-

49 1011 142 1044 bense
151 1012 209 1043 800
217 1023 223 1050 ;
234 1012 491 1044 Vallisoletanum

49 1056 126 1088 1577
147 1056 309 1089 excolebat
329 1057 396 1095 600,
418 1056 491 1088 toti-

48 1101 119 1133 dem
129 1100 340 1139 Palentinum‚
353 1102 381 1132 Ν
383 1111 492 1133 uman-

47 1145 150 1177 tinum
175 1145 291 1187 (Soria)
315 1146 387 1184 400;
414 1145 491 1177 Bur-

46 1199 138 1232 gense
145 1190 365 1232 etSegoviense
372 1193 490 1222 utmm-

48 1244 108 1276 que
126 1234 194 1273 300,
214 1235 402 1277 Legionense
421 1235 488 1273 600,

47 1279 179 1311 totidem
190 1280 221 1312 C.
230 1279 347 1311 Montis
358 1279 491 1321 Regalis,

46 1323 251 1356 Metimnense
287 1323 357 1365 plus
396 1334 489 1365 quam

46 1368 114 1406 300,
131 1368 404 1400 Bellomontanum
420 1369 488 1407 400,

47 1412 274 1445 Barcinonense
295 1413 352 1444 140
372 1413 489 1445 studio-

47 1467 95 1489 sos
137 1457 307 1499 theologiae.
370 1457 487 1489 Eodem

47 1505 185 1543 tempore
195 1501 290 1534 etiam
300 1501 488 1534 Sodalitates

46 1545 83 1577 Β.
97 1546 138 1578 Μ.
153 1546 189 1578 V.
205 1550 366 1588 coeperunt
378 1546 488 1579 florere

44 1590 78 1622 in
99 1590 260 1632 Hispania.

526 434 603 466 1578
618 435 696 471 pr.
712 433 886 465 Germaniae
901 433 974 474 Sup.

544 478 752 519 Landsperqae.

520 1857 598 1889 1580
614 1858 646 1890 G.
664 1856 913 1896 Paderbornense,
931 1857 971 1889 ab

539 1901 693 1943 Episcopo
762 1901 972 1943 Fiirstenberg

538 1946 617 1978 1604
635 1946 756 1988 copiose
774 1946 919 1978 dotatum
938 1951 969 1978 et
1004 1945 1079 1976 1581
1113 1944 1215 1976 mittit
1247 1946 1456 1977 possevinum.

1494 433 1571 464 1578
1586 433 1753 464 Limanum
1768 435 1799 466 C.
1813 433 1846 465 in
1860 434 1996 466 Peruvia
2010 445 2116 467 nume-

1512 477 1606 508 rabat
1622 477 1681 509 300
1699 477 1866 516 scholares;
1885 482 1917 510 et
1934 479 2067 511 totidem
2084 481 2115 512 Ο.

1513 521 1720 560 Mexicanum‚
1750 521 1784 553 in
1815 532 1875 563 quo
1905 522 2017 554 ultimo
2047 523 2116 555 duae

1511 566 1701 598 Sodalitates
1731 566 1766 598 Β.
1789 567 1830 598 Μ.
1854 567 1890 599 V.
1918 567 2028 599 florere
2056 578 2116 600 coe-

1008 610 1086 642 1580
1115 612 1299 648 campianus
1328 614 1360 642 et
1388 612 1459 641 Per·
1511 614 1627 653 perant
1648 611 1734 643 1576.

1026 657 1131 686 sonius
1156 665 1226 686 cum
1251 655 1289 686 10
1313 655 1403 686 sociis
1426 655 1460 686 in

1026 701 1149 736 lingua,
1186 699 1240 730 ubi
1277 709 1339 731 uno
1377 709 1459 731 anno

1027 744 1136 775 10.000
1147 743 1187 775 ad
1198 743 1370 775 Ecclesiam
1381 743 1470 775 redu-

1027 791 1112 820 cunt.

1007 921 1082 952 1581
1136 920 1202 952 Lex
1243 920 1375 962 poenalis
1428 921 1459 952 in

1025 965 1139 1005 Anqlz'a
1157 968 1267 997 contra
1284 975 1390 997 omnes
1408 965 1460 997 Je-

1025 1009 1115 1041 suitis
1132 1009 1303 1051 hospitium
1322 1010 1460 1051 praeben-

1026 1058 1082 1086 tes,

1005 1188 1081 1219 1581
1121 1188 1147 1219 1.
1173 1187 1248 1219 Dec.
1272 1188 1459 1229 Martyrium

1027 1232 1094 1264 ΒΒ.
1117 1231 1274 1263 Edmundz'
1293 1232 1460 1272 Campiam'

1025 1280 1058 1308 et
1074 1276 1245 1308 Aleaeamlrz’
1263 1276 1395 1308 Brianti.

522 1412 599 1444 1580
622 1413 653 1444 C.
680 1411 821 1453 Friburqz'
844 1412 876 1443 in
901 1412 973 1444 Hel·
1006 1410 1084 1442 1580
1103 1410 1122 1451 †
1140 1410 1322 1442 Franciscus
1341 1410 1459 1452 Sunye-

541 1457 636 1495 vetia,
668 1456 700 1488 in
734 1466 794 1498 quo
827 1456 973 1489 Ganisius
1025 1455 1098 1492 rius,
1110 1455 1227 1496 primus
1239 1454 1375 1486 Poloniae
1386 1455 1458 1487 Pro-

541 1504 682 1533 moratur
701 1501 906 1533 1580—1597.

1025 1499 1175 1531 vincialis.

1006 1633 1082 1664 1580
1108 1633 1230 1664 Iwanus
1249 1633 1301 1664 IV.
1326 1635 1457 1670 Russiae‚

1025 1677 1126 1709 victus
1158 1688 1177 1709 a
1206 1677 1365 1719 Stephano
1398 1678 1457 1710 Ba-

1024 1721 1127 1763 thory,
1150 1732 1219 1763 rege
1235 1722 1380 1761 Poloniae,
1398 1722 1456 1754 Pa-

1023 1776 1097 1808 pam
1108 1770 1144 1798 ut
1154 1766 1357 1798 mediatorem
1367 1767 1461 1799 inter-

1024 1810 1130 1852 pellat,
1154 1810 1207 1852 qui

25 1991 112 2023 1579.
152 1993 224 2029 Dpr.
264 1991 415 2024 Valentiae
455 1995 486 2023 et
539 1991 616 2022 1614
652 1990 685 2022 in
725 1990 967 2023 Universitatem
1022 1989 1163 2031 Bathory
1193 1989 1295 2030 rejicit
1323 1989 1456 2021 armisti-

45 2035 175 2077 Hispali.

41 2311 122 2343 pone
145 2302 306 2335 serviendo
329 2307 416 2344 peste
438 2303 485 2335 in-

42 2346 142 2384 fectis,
154 2346 256 2379 obiere
262 2347 339 2379 1579
355 2351 387 2379 et
398 2347 484 2380 1580.

241 3099 279 3132 78

537 2038 725 2077 promotum.

516 2212 593 2245 1581
612 2212 745 2245 Golonioe
762 2212 912 2245 Societati
930 2223 968 2245 ae-

23 2257 201 2299 Complures
238 2258 329 2297 Socii,
368 2258 484 2300 Ulyssi-
537 2257 589 2289 des
602 2257 707 2289 liberae
720 2261 752 2290 et
765 2258 782 2289 1
796 2259 828 2290 C.
841 2257 966 2290 dantur.

1020 2033 1109 2065 tium.
1119 2034 1305 2066 Possevinus
1320 2034 1456 2067 Moscuae

1020 2078 1180 2119 splendide
1198 2082 1350 2119 receptus,
1363 2088 1455 2120 nego-

1021 2123 1296 2164 tiationibuspacis
1302 2123 1456 2164 praesidet‚

1022 2177 1090 2209 quae

1001 2301 1078 2333 1582
1100 2300 1256 2332 finiuntur
1278 2311 1348 2332 cum
1372 2300 1454 2333 bono

1021 2355 1162 2377 successu
1187 2355 1243 2387 pro
1268 2345 1399 2378 Polonia
1423 2350 1455 2378 et

518 2391 594 2423 1581
618 2391 770 2423 Ernestus
789 2401 808 2422 a
829 2390 969 2423 Bavaria
1022 2389 1143 2422 Russia.

537 2435 651 2468 fundat
673 2437 704 2468 C.
726 2435 894 2468 Leodiense.

1001 2522 1062 2555 Sed
1085 2523 1119 2554 in
1144 2533 1262 2555 vanum
1287 2526 1398 2564 postea
1420 2524 1454 2556 in

1023 2567 1136 2599 Russia
1142 2567 1329 2600 Possevinus
1338 2568 1405 2610 agit
1417 2568 1458 2600 ad

1494 921 1570 952 1579
1600 921 1791 963 Valignanus
1820 921 1971 954 Visitator
1999 922 2031 954 in
2059 923 2116 954 Ja-

1513 965 1616 1005 pomla,
1651 966 1705 997 ubi
1739 969 1815 998 tnnc
1849 970 1939 998 erant
1964 967 2046 999 Socii
2066 968 2114 1006 65,

1512 1010 1673 1042 christiani
1695 1011 1735 1042 ad
1756 1011 1873 1043 10.000.

1512 1411 1589 1441 1580
1610 1412 1737 1441 Elianus
1757 1415 1789 1442 et
1809 1412 1913 1442 Bruno
1933 1421 2003 1442 cum
2024 1411 2113 1443 donis

1511 1455 1605 1496 Papae
1626 1455 1768 1495 pretiosis
1790 1455 1963 1487 Maronitas
1985 1456 2112 1488 adeunt.

1510 1499 1618 1530 Omnis
1640 1499 1736 1531 clerus
1757 1499 1925 1541 profitetur
1937 1500 2112 1541 symbolum

1511 1543 1736 1582 Tridentimnn,
1776 1544 1959 1576 Patriarcha
1995 1544 2090 1586 pallio

1511 1588 1682 1620 decoratur.
1742 1588 1954 1621 Catechismus
1993 1592 2025 1621 et
2062 1600 2112 1622 ca-

1511 1642 1606 1664 nones
1638 1643 1658 1664 a
1689 1633 1834 1665 Brunone
1866 1634 2031 1675 compositi
2062 1644 2112 1666 ao-

1510 1681 1683 1718 ceptantur.
1713 1677 1822 1709 Patres
1850 1688 1920 1710 cum
1948 1678 2112 1720 Episcopis

1509 1722 1640 1754 visitant
1661 1722 1816 1754 dioeceses.

1491 1855 1569 1887 1580
1590 1857 1662 1894 Dpr.
1682 1855 1760 1887 Gooe.

1490 1989 1565 2021 1581
1606 1989 1782 2031 Ingreditur
1818 1989 1956 2022 Societas
1993 1989 2110 2022 insulas

1510 2033 1717 2074 Philippinas.

1488 2212 1564 2243 1581
1597 2211 1700 2244 Meam*
1730 2211 1922 2253 Valignanus
1954 2211 1988 2253 (†
2020 2212 2111 2254 1606)

1506 2255 1676 2288 honorifice
1708 2256 1865 2297 recipitur.
1916 2256 2032 2298 Rejicit
2056 2267 2110 2298 po-

1507 2301 1659 2333 stulatum
1684 2301 1880 2342 quorundam
1902 2301 2033 2333 Patrum
2057 2301 2110 2343 qui

1506 2345 1603 2377 serica
1635 2345 1787 2377 utendum
1820 2355 1885 2377 esse
1918 2349 2005 2378 veste
2038 2355 2110 2378 con-

1507 2389 1688 2422 tendebant.
1743 2390 1880 2431 Japones
1914 2390 1996 2422 enim
2032 2389 2110 2423 bene

1507 2434 1696 2476 distinguere
1716 2434 1856 2466 sciebant
1874 2434 1956 2467 inter
1977 2444 2109 2476 pauper-

1507 2482 1606 2511 tatem
1640 2479 1850 2511 voluntariam
1887 2483 1920 2511 et
1957 2483 2108 2512 coactam,

1021 2612 1267 2653 promovendam
1275 2622 1340 2644 rem
1349 2613 1456 2645 catho-
1486 2612 1563 2644 1581
1579 2612 1653 2645 Goae
1666 2612 1742 2645 Indi
1756 2612 1834 2644 1500
1855 2612 2009 2655 baptizati
2023 2616 2106 2646 sunt.

1020 2656 1122 2689 licam.

1002 2789 1040 2821 In
1052 2789 1276 2831 Transylvania
1291 2794 1454 2832 oppugnat

1020 2837 1187 2866 novatores
1218 2834 1453 2867 Hermanstadii

1021 2881 1053 2910 et
1076 2878 1191 2911 fundat
1218 2879 1328 2911 domus
1352 2879 1452 2912 Socie-

518 2922 971 2965 1584FuldaeGregoriusX111
1020 2922 1106 2956 tatis.

536 2967 651 3000 fundat
667 2969 746 3000 sem.
758 2966 966 3009 pontificium.

1210 3099 1250 3132 80

1774 3099 1813 3132 81
