2372 3550
1146 271 1180 307 7.
1209 269 1400 308 Scientia.

305 367 487 399 Laurentius
527 366 727 405 Andertonus,
769 366 1023 405 Lancastriensis,
1064 369 1130 398 nat.
1173 366 1251 398 1575

227 415 284 444 aut
308 412 395 450 1576,
422 422 461 443 ex
484 411 627 443 ministro
653 411 815 452 anglicano
841 411 964 443 Jesuita
988 411 1067 443 1604
1092 414 1148 443 aut
1173 411 1251 442 1605

225 459 309 533 lpiget1
311 456 490 532 ε15114135510110111
498 456 537 487 40
551 465 704 488 annorum
718 455 750 487 in
764 455 878 497 Anglia
890 459 1051 497 peractam
1064 456 1084 497 †
1099 456 1145 487 17.
1161 455 1251 497 Apri-

305 553 382 586 Ven.
405 552 515 585 Briant
535 552 699 593 Gansfield,
720 556 786 585 nat.
808 553 885 584 1578
904 553 937 584 in
957 553 1150 592 Lancastria,
1170 553 1248 595 ingr.

227 597 404 630 adolescens
436 598 483 630 18.
517 597 597 629 Nov.
631 598 718 636 1604,
750 597 937 629 insatiabilis
968 597 1110 629 laborum
1144 607 1251 639 opera-

225 643 288 675 rius
306 643 339 674 in
357 641 479 683 Anglia,
497 642 575 674 1643
591 645 702 683 captus
719 645 751 674 et
766 645 833 674 tam
850 642 970 674 duriter
983 642 1017 673 in
1033 652 1154 674 carcere
1170 646 1251 674 trac-

226 690 312 719 tatus
337 690 393 725 est,
412 690 449 718 ut
474 686 528 718 vix
542 696 582 718 ex
605 696 640 718 eo
657 686 785 718 emissus
803 686 934 728 sequelis
947 687 1097 718 custodiae
1110 697 1251 719 succum-

227 731 315 764 beret
341 731 369 764 3.
399 731 479 772 Aug.
509 731 597 763 1643.

304 784 381 816 Ven.
408 783 586 824 liudolphus
611 783 752 816 Gorboeus
777 783 913 826 (Corbie)
936 784 1147 823 Dublinensis,
1182 788 1249 817 nat.

225 829 273 861 25.
296 828 389 861 Mart.
414 828 501 867 1598,
524 828 603 870 ingr.
628 829 706 860 1624
729 828 779 860 vel
802 829 890 868 1626,
914 828 1101 860 missionarii
1123 839 1250 861 munere

225 873 258 905 in
276 873 389 915 Anglia
407 873 534 905 functus
554 876 621 905 erat
639 883 695 915 per
713 874 751 905 12
771 883 879 912 annos,
900 883 971 905 cum
991 874 1069 905 1644
1088 877 1199 915 captus
1219 878 1251 906 et

225 917 360 950 Londini
379 921 481 949 morte
502 917 636 949 affectus
657 921 705 949 est
725 918 772 950 17.
795 918 880 959 Sept.
904 918 991 950 1644.

303 970 455 1002 Henricus
490 970 689 1010 Fila-Simon,
732 970 943 1010 Dublinensis,
984 974 1050 1003 nat.
1091 971 1139 1004 31.
1174 971 1248 1013 Maj-

226 1015 304 1047 1566
325 1014 503 1047 adolescens
526 1015 672 1047 seductus
696 1026 715 1047 a
735 1015 995 1057 protestantibus,
1019 1016 1073 1048 sed
1094 1015 1250 1057 poenitens

225 1069 365 1092 reversus
396 1059 436 1091 ad
465 1059 647 1099 Ecclesiam,
678 1060 829 1092 Societati
859 1060 991 1092 Tornaci
1019 1070 1133 1092 nomen
1164 1060 1252 1092 dedit

225 1104 272 1136 15.
298 1104 374 1145 Apr.
402 1104 479 1136 1592
506 1108 538 1136 et
562 1104 685 1136 fervens
711 1105 773 1137 suit
797 1108 1013 1147 propugnator
1037 1104 1193 1146 religionis
1218 1105 1250 1137 111

226 1148 386 1181 Hibernia.
425 1149 585 1181 Carcerem
605 1152 638 1181 et
655 1159 763 1181 necem
783 1149 888 1192 fugere
907 1149 1014 1191 potuit
1033 1153 1066 1182 et
1085 1149 1164 1181 obiit
1184 1149 1251 1181 Kil-

224 1193 309 1226 kenii
329 1193 377 1225 29.
401 1193 482 1226 Nov.
505 1193 583 1225 1643
604 1193 655 1225 vel
675 1194 703 1226 1.
725 1194 800 1226 Feb.
824 1194 911 1226 1644.

302 1246 438 1278 Joannes
461 1245 611 1285 orossius,
643 1249 710 1279 nat.
736 1247 769 1278 in
796 1247 949 1279 comitatu
975 1247 1190 1287 Norsolciensi,
1216 1248 1250 1279 in

223 1291 412 1323 Societatem
438 1290 593 1332 ingressus
620 1300 675 1332 per
702 1291 742 1323 20
768 1301 866 1324 annos
892 1292 975 1324 inter
1001 1292 1086 1324 mille
1112 1291 1250 1334 pericula

223 1335 361 1367 missioni
389 1335 422 1367 in
451 1335 556 1376 patria
584 1335 729 1368 vacabat.
789 1336 859 1368 Uno
888 1347 994 1369 mense
1022 1336 1146 1369 vixerat
1173 1336 1249 1369 libe-

222 1383 309 1412 ratus
317 1390 336 1412 a
342 1389 462 1412 carcere
468 1379 684 1419 Lincolniensi,
692 1390 763 1412 cum
769 1381 914 1413 oerumnis
920 1381 1068 1422 consectus
1074 1381 1153 1413 obiit
1159 1381 1247 1414 1645.

301 1432 377 1465 Ven.
412 1432 566 1465 Henricus
599 1433 760 1473 Morsaeus,
796 1437 862 1466 nat.
898 1435 976 1467 1605
1009 1435 1043 1467 in
1078 1434 1248 1474 Norfolcia,

222 1481 295 1519 post
320 1477 426 1509 studia
449 1477 483 1509 111
509 1477 643 1520 Collegio
670 1478 814 1510 Romano
840 1479 879 1511 20
905 1489 1003 1511 annos
1029 1479 1112 1511 vixit
1135 1479 1169 1511 in
1194 1479 1249 1511 So-

222 1522 345 1555 cietate.
396 1522 563 1564 Operarius
587 1522 620 1554 in
644 1522 758 1565 Anglia
782 1527 830 1555 ter
854 1523 946 1556 exilio
970 1524 1110 1565 punitus,
1138 1527 1249 1566 quater

222 1567 366 1599 aerumnis
395 1566 525 1599 carceris
554 1566 702 1606 afflictus,
733 1568 867 1610 denique
895 1568 1030 1601 Londini
1057 1568 1153 1600 morti
1181 1578 1249 1601 cru—

222 1615 303 1644 entae
321 1611 458 1643 traditus
478 1615 527 1643 est
546 1611 574 1644 1.
594 1611 670 1644 Feb.
691 1612 779 1645 1645.

303 1664 487 1697 Franciscus
516 1664 771 1706 Walsz'nqhamus,
799 1669 894 1698 natus
922 1666 1000 1698 1576
1028 1669 1085 1698 aut
1112 1665 1189 1697 1577
1216 1666 1249 1698 in

224 1709 462 1748 Northumbfia,
503 1708 557 1741 diu
595 1709 629 1741 in
669 1710 778 1742 castris
817 1711 1064 1752 protestantium
1098 1711 1248 1743 diaconus

221 1754 401 1796 anglicanus
434 1754 548 1792 fuerat,
582 1754 637 1786 sed
668 1754 757 1787 lectis
789 1755 824 1787 P.
858 1755 998 1787 Personii
1030 1755 1248 1787 controversiis

222 1809 397 1837 conversus,
421 1798 577 1840 ingressus
602 1802 650 1831 est
673 1799 741 1832 Soc.
767 1800 855 1839 1608,
881 1800 990 1832 Romae
1013 1800 1120 1832 studia
1141 1799 1250 1832 finivit

221 1847 254 1876 et
277 1853 391 1885 magno
417 1853 488 1875 cum
513 1853 655 1876 successu
679 1854 736 1885 per
759 1844 798 1876 32
823 1854 921 1877 annos
946 1844 1042 1877 verbo
1067 1848 1100 1877 et
1123 1844 1248 1886 scriptis

221 1887 407 1921 catholicam
425 1887 604 1930 religionem
622 1888 655 1920 in
666 1888 771 1930 patria
787 1888 968 1922 illustravit.
988 1889 1008 1931 †
1027 1890 1055 1921 1.
1071 1889 1135 1921 Jul.
1157 1890 1245 1921 1647.

300 1941 377 1973 Ven.
404 1940 511 1972 Petrus
537 1940 660 1983 Wriyht,
685 1941 832 1984 Sliptonii
855 1946 950 1975 natus
974 1943 1052 1975 1603
1076 1945 1133 1975 aut
1157 1943 1246 1981 1604,

218 1985 296 2028 ingr.
315 1986 392 2017 1629
409 1995 465 2027 per
483 1986 500 2017 7
518 1995 617 2018 annos
635 1986 849 2019 missionarius
866 1987 899 2019 111
917 1987 1067 2019 Flandria
1083 1990 1116 2019 et
1133 1986 1247 2029 Anglia

220 2030 394 2062 felicissirne
413 2029 579 2062 laboravit.
619 2031 769 2063 Sacerdos
790 2035 822 2063 et
842 2031 966 2064 Jesuita
985 2031 1080 2064 morti
1101 2031 1245 2064 addictus

220 2078 253 2107 et
274 2078 403 2107 necatus
426 2078 474 2107 est
496 2074 640 2116 Tyburni
663 2076 710 2108 29.
734 2075 810 2117 Maj.
836 2076 923 2109 1651.

1375 365 1400 397 J
1401 376 1512 398 oannes
1523 366 1775 408 Worthinqtonus‚
1791 369 1856 398 nat.
1867 367 1945 398 1573
1956 366 2089 398 Blenscii
2100 367 2320 410 (Lancastria)‚

1298 410 1406 442 Romae
1426 410 1504 452 ingr.
1527 412 1575 443 27.
1598 411 1667 443 Oct.
1690 411 1777 449 1598,
1799 411 1888 443 annis
1909 412 1948 443 46
1968 411 2101 443 salutem
2122 411 2320 453 popularium

1297 464 1423 487 suorum
1448 455 1665 497 promovebat,
1690 459 1832 487 mortuus
1855 456 1889 487 in
1914 465 2034 488 carcere
2059 456 2106 488 25.
2133 456 2205 489 Jan.
2233 457 2319 490 1652.

1377 512 1557 545 Edmundus
1587 513 1735 551 Nevillus,
1767 513 2021 552 Lancastriensis‚
2056 513 2134 555 ingr.
2167 514 2320 554 sacerdos,

1297 567 1367 589 cum
1385 557 1425 589 ad
1441 558 1676 599 nonagesimum
1693 567 1780 598 paene
1797 558 1899 589 aetatis
1917 568 2034 590 annum
2053 567 2176 590 omnem
2194 568 2320 600 operam

1296 601 1454 633 salvandis
1488 602 1521 633 in
1555 602 1669 644 Anglia
1701 602 1881 634 hominibus
1916 602 2061 641 dedisset,
2096 606 2239 635 mortuus
2274 607 2322 636 est

1296 646 1431 677 Londini
1455 647 1599 678 aerumnis
1625 646 1754 678 carceris
1779 647 1939 678 confectus
1964 647 2051 679 1648.

1379 704 1509 736 Thomas
1548 704 1726 736 Laithwaite
1765 704 1871 746 (vulgo
1911 704 2023 746 Scott),
2064 704 2320 745 Lancasfflensis,

1295 748 1409 780 litteris
1435 752 1467 781 et
1492 749 1655 781 altioribus
1685 748 1855 790 disciplinis
1881 749 1991 780 doctus
2018 748 2154 790 Hispali,
2179 750 2321 783 sacerdos

1295 793 1328 825 in
1354 793 1500 835 Angliam
1526 794 1684 835 profectus
1713 803 1731 825 a
1757 793 1792 825 P.
1821 793 1958 825 Garneto
1986 797 2148 834 susceptus
2174 793 2207 826 in
2220 794 2322 827 Socie-

1296 841 1396 869 tatem
1420 842 1492 879 post
1515 838 1764 879 conjurationem
1787 837 1997 879 pulverariam
2021 848 2091 869 cum
2115 838 2239 871 ζ10011110
2262 839 2322 872 Ge-

1296 882 1387 914 101110
1409 882 1490 924 fugit
1510 882 1542 914 in
1565 882 1715 924 Belgium,
1737 882 1830 913 1111110
1852 892 1925 914 vero
1946 882 2105 914 novitiatu
2125 893 2267 915 reversus
2288 883 2321 916 in

1295 927 1441 969 Angliam
1470 927 1699 959 missionarium
1728 927 1843 968 agebat
1870 937 1969 968 usque
1998 926 2039 958 ad
2067 930 2201 959 mortem
2230 928 2320 961 1655.

1375 980 1399 1012 J
1400 991 1512 1012 oannes
1532 980 1648 1022 Youny,
1666 981 1834 1019 Hibernus,
1861 984 1928 1012 nat.
1946 980 1992 1012 15.
2010 980 2089 1022 Aug.
2107 981 2195 1020 1589,
2213 981 2322 1014 Romae

1294 1025 1372 1067 ingr.
1390 1026 1436 1057 13.
1452 1025 1527 1067 Maj.
1544 1026 1631 1064 1610,
1647 1026 1710 1057 fere
1724 1026 1763 1057 30
1777 1026 1867 1057 0111115
1882 1029 2025 1057 strenuus
2040 1025 2102 1057 11111
2116 1026 2274 1067 operarius
2288 1026 2322 1059 in

1295 1070 1441 1146 ῗξ551ῑοῑ1110
1460 1070 1617 1146 &Zema-
1667 1070 1801 1102 Moritur
1826 1070 1934 1102 Romae
1960 1070 2076 1101 Rector
2100 1069 2220 1113 collegii
2246 1070 2319 1104 Hib.

1374 1167 1515 1208 anatius
1538 1167 1689 1207 Goodwin,
1716 1170 1809 1199 natus
1836 1168 1913 1199 1601
1940 1171 1996 1200 aut
2018 1168 2105 1207 1602,
2132 1168 2210 1210 ingr.
2232 1168 2321 1208 1623,

1295 1222 1350 1254 per
1370 1212 1409 1244 30
1425 1222 1523 1244 annos
1533 1215 1678 1244 strenuus
1693 1212 1905 1244 missionarius
1920 1212 1953 1244 in
1962 1212 2076 1254 Anglia
2090 1216 2123 1245 et
2138 1212 2319 1246 Hollandia.

1294 1257 1314 1299 †
1337 1256 1473 1289 Londini
1496 1257 1544 1289 26.
1571 1257 1651 1289 Nov.
1678 1257 1765 1289 1667.
2243 1272 2248 1278 ·

1374 1310 1510 1342 Joamws
1541 1310 1681 1350 spencer,
1713 1313 1780 1342 nat.
1808 1310 1884 1342 1601
1911 1309 2088 1349 Lincolniae,
2120 1310 2199 1353 ingr.
2231 1311 2319 1350 1627,

1294 1354 1391 1387 lector
1414 1354 1508 1387 theol.
1533 1365 1610 1387 mor.
1637 1358 1669 1386 et
1692 1355 1722 1387 S.
1747 1355 1860 1396 Script.
1884 1354 1918 1386 in
1942 1355 2076 1397 Collegio
2100 1355 2221 1397 anglico
2244 1355 2321 1388 Leo-

1294 1399 1403 1476 pdlileanrsiii,
1421 1399 1501 1476 pigi&
1508 1409 1564 1441 per
1579 1400 1618 1431 20
1635 1409 1733 1431 annos
1749 1399 1960 1431 missionarius
1976 1400 2009 1431 in
2025 1399 2146 1442 Anglia.
2164 1399 2184 1442 †
2200 1400 2248 1433 17.
2266 1400 2320 1433 Ja-

1537 1536 1684 1569 Missi«)
1709 1536 2078 1578 septentrionalis.

1373 1606 1561 1639 Tentamina
1589 1605 1743 1638 missionis
1781 1606 1814 1638 in
1852 1606 1964 1645 Dania,
1996 1606 2116 1646 Suecia‚
2147 1606 2318 1649 Norwegia,

1294 1652 1417 1691 Russia,
1442 1651 1514 1683 vide
1536 1651 1569 1682 in
1593 1651 1721 1683 Tabulis
1746 1651 1786 1683 ad
1810 1655 1908 1683 'annos
1932 1651 2012 1683 1574
2035 1661 2091 1694 sq.‚
2117 1651 2205 1690 1580,
2230 1652 2318 1690 1623,

1296 1697 1384 1735 1649,
1407 1696 1495 1735 1680,
1519 1696 1606 1734 1712,
1631 1696 1718 1728 1719.

1373 1749 1465 1781 Anno
1482 1749 1559 1781 1682
1577 1748 1781 1790 Congregatio
1807 1748 1957 1790 generalis
1983 1748 2169 1781 duodecima
2193 1748 2318 1781 decreto

1294 1795 1341 1826 27.
1368 1804 1483 1836 magna
1508 1804 1579 1826 cum
1602 1793 1775 1835 gratiarum
1801 1793 1923 1825 actione
1948 1796 2093 1835 acceptat
2117 1793 2319 1826 fundationes

1293 1839 1394 1871 factas
1418 1839 1458 1870 ab
1481 1838 1637 1880 Episcopo
1660 1838 1908 1870 Paderbornensi
1932 1841 1964 1870 et
1985 1837 2223 1870 Monasteriensi
2245 1838 2318 1870 Fer-

1294 1883 1431 1916 dinando
1461 1893 1480 1915 a
1507 1882 1717 1924 Furstenberg
1744 1892 1801 1924 pro
1830 1882 2028 1915 missionibus
2055 1882 2221 1925 germanis,
2251 1892 2319 1925 sep-

1293 1927 1543 1966 tentrionalibus,
1571 1927 1674 1959 sinicis
1701 1931 1733 1959 et
1757 1927 1989 1969 japonensibus.

1373 1984 1535 2017 Restituta
1570 1984 1709 2017 Societas
1744 1985 1807 2026 (Pr.
1844 1984 1962 2026 Germ.)
1996 1984 2094 2016 habet
2129 1983 2265 2027 Collegia
2298 1985 2317 2017 2

1292 2029 1431 2071 (Hafniae
1459 2033 1491 2061 et
1519 2029 1727 2071 Ordrupshoj)
1756 2039 1826 2060 cum
1861 2029 2029 2061 residentia
2056 2029 2258 2062 Aarhusiensi
2284 2028 2318 2062 in

1292 2074 1405 2113 Dama,
1432 2077 1464 2106 et
1489 2074 1658 2106 stationem
1682 2074 1716 2106 in
1741 2073 1860 2106 Suecia.

649 2173 696 2213 7.
726 2170 882 2214 Gesta
911 2172 963 2214 in
992 2172 1186 2222 schola,
1216 2171 1449 2220 scientia,
1479 2170 1658 2212 litteris
1687 2170 1747 2223 (01
1774 2170 1894 2222 arte).

301 2250 538 2283 Institutionem
560 2260 728 2292 puerorum
751 2255 784 2284 et
804 2252 957 2294 juvenum
978 2252 1012 2285 in
1033 2252 1148 2285 litteris
1172 2252 1249 2285 clas-
1293 2250 1524 2292 Augustanum,
1569 2250 1783 2292 Dilinganum‚
1832 2250 2027 2288 Monacense,
2069 2249 2317 2291 OEnipontanurn

221 2295 290 2328 sicis
315 2299 347 2328 et
371 2295 539 2337 disciplinis
564 2295 736 2335 altioribus,
763 2307 831 2338 quae
846 2297 880 2329 in
904 2297 1162 2330 universitatibus
1184 2300 1248 2329 tra·
1294 2295 1376 2327 circa
1399 2298 1560 2327 sexcentos
1581 2295 1624 2326 ad
1646 2295 1806 2336 pietatem,
1831 2294 1930 2327 bonos
1952 2304 2062 2333 mores,
2087 2293 2250 2326 scientiam
2272 2293 2319 2326 in-

221 2340 387 2379 debentur,
412 2339 551 2372 Societas
575 2350 696 2382 semper
719 2341 850 2373 maximi
874 2352 940 2374 esse
964 2342 1117 2374 momenti
1142 2342 1248 2373 existi-
1294 2339 1473 2372 stituebant
1504 2339 1724 2372 adolescentes.

220 2384 330 2417 mavit.
378 2384 416 2416 In
439 2394 513 2416 casu
536 2385 730 2418 necessitatis
753 2385 849 2418 etiam
871 2386 1111 2418 instructionem
1134 2386 1248 2428 imper-

221 2429 360 2461 tiebatur
384 2428 418 2460 in
442 2428 628 2461 rudimentis
654 2429 904 2463 elementaribus.
954 2431 1003 2463 De
1027 2430 1075 2463 his
1103 2429 1247 2462 omnibus

220 2473 286 2515 jam
305 2473 335 2506 S.
357 2473 499 2515 Ignatius
518 2477 624 2515 egerat
640 2473 674 2506 in
692 2477 783 2515 parte
803 2475 848 2507 IV
850 2500 857 2507 .
877 2475 1147 2508 Constitutionum
1167 2475 1248 2507 ordi—

220 2517 425 2560 nationesque
448 2517 578 2550 dederat
600 2518 860 2558 accuratissimas,
886 2530 956 2562 quae
979 2530 998 2552 a
1019 2519 1054 2552 P.
1078 2519 1248 2561 Aquaviva

221 2565 254 2594 et
275 2562 572 2604 Congregationibus
593 2562 817 2604 posterioribus
840 2564 1003 2606 completae
1025 2564 1160 2606 quidem,
1184 2574 1247 2596 non

221 2616 294 2638 vero
315 2607 353 2638 de
373 2616 455 2638 novo
475 2607 609 2639 conditae
628 2610 710 2640 sunt.

302 2659 489 2692 Institutum
521 2659 702 2702 hujusmodi
734 2661 1079 2703 magnificentissimum
1112 2661 1247 2693 habetur

221 2706 253 2737 c.
280 2705 469 2737 Romanum.
527 2705 619 2742 Quod
645 2715 727 2737 anno
755 2706 833 2738 1556
860 2705 977 2737 Paulus
1006 2706 1059 2738 IV.
1088 2706 1247 2738 Universi-

221 2752 321 2780 tatem
340 2748 468 2787 creavit,
486 2748 650 2790 Gregorius
665 2749 759 2782 XIII.
780 2750 857 2782 1581
875 2750 1089 2782 liberalissime
1110 2750 1244 2783 dotavit.

221 2793 368 2825 Urbanus
384 2792 485 2831 VIII.‚
503 2793 705 2826 Innocentius
720 2794 772 2833 X.,
789 2794 877 2833 XII.,
894 2794 999 2833 XIII„
1018 2794 1158 2827 Clemens
1175 2795 1244 2833 IX.,

221 2837 274 2876 X.,
298 2837 368 2875 XL,
392 2837 481 2876 XII.,
504 2837 613 2870 Sancti
634 2838 788 2880 Aloysius,
812 2838 959 2872 Camillus
983 2839 1021 2871 de
1043 2838 1146 2878 Lellis,
1170 2839 1245 2871 Leo-

221 2881 338 2914 nardus
373 2891 392 2913 a
425 2881 524 2914 Portu
557 2882 705 2915 Mauritio
739 2893 808 2915 eam
842 2883 1091 2925 frequentarunt.

299 2933 392 2965 Anno
419 2934 498 2966 1710
523 2934 662 2967 Societas
687 2935 869 2976 possidebat
894 2936 933 2967 24
960 2935 1187 2968 Universitates
1213 2939 1246 2968 et

222 2978 280 3010 612
308 2980 340 3012 G.
383 2978 540 3010 1768—69
567 2978 600 3011 in
627 2979 700 3011 solis
728 2982 760 3013 c.
790 2979 963 3012 Provinciae
990 2979 1166 3012 Germaniae
1196 2990 1245 3012 su-

221 3022 350 3064 perioris
382 3022 630 3056 numerabantur
662 3023 806 3066 discipuli
839 3025 916 3056 7357
923 3035 931 3063 ;
964 3024 1086 3066 singula
1119 3024 1247 3067 collegia

704 3111 763 3145 611

1325 2459 1362 2484 a.
1387 2449 1624 2491 Theologia
1645 2450 1689 2482 et
1711 2449 1990 2491 philosophia
2014 2448 2287 2483 scholastica.

1373 2517 1554 2546 Franciscus
1571 2516 1704 2552 Toletus‚
1722 2518 1788 2547 nat.
1808 2515 1836 2547 4.
1856 2515 1926 2547 Oct.
1945 2514 2023 2546 1532
2042 2514 2202 2554 Cordubae,
2220 2513 2318 2547 lector

1293 2559 1496 2601 philosophiae
1514 2559 1721 2598 Salmanticae,
1741 2559 1895 2601 ingressus
1913 2559 1942 2591 3.
1963 2559 2037 2591 Jun.
2058 2559 2136 2591 1588
2155 2558 2317 2598 Simancae,

1295 2604 1404 2636 Romae
1423 2614 1494 2636 cum
1514 2603 1667 2645 applausu
1687 2604 1794 2636 docuit
1812 2603 2041 2645 philosophiam
2061 2606 2094 2635 et
2112 2602 2317 2645 theologiam3

1293 2648 1351 2680 sub
1383 2648 1440 2680 Pio
1474 2648 1527 2681 IV.
1561 2648 1664 2680 factus
1698 2648 1897 2680 concionator
1929 2647 2120 2689 pontificius,
2161 2647 2218 2680 sub
2252 2646 2318 2680 Cle-

1292 2696 1398 2725 mente
1419 2692 1508 2725 VIII.
1533 2693 1580 2725 17.
1603 2693 1688 2734 Sept.
1712 2693 1790 2724 1593
1812 2692 1992 2731 Cardinalis,
2015 2691 2167 2734 imprimis
2190 2701 2316 2733 operam

1293 2737 1401 2776 dabat,
1437 2741 1474 2769 ut
1508 2737 1758 2769 reconciliaretur
1792 2737 1945 2769 Henricus
1981 2736 2034 2769 IV.
2071 2746 2142 2768 cum
2177 2735 2317 2769 Ecclesia

1293 2781 1345 2823 (01.
1367 2781 1451 2813 111110
1471 2781 1525 2823 d.).
1547 2781 1567 2823 †
1589 2782 1635 2814 14.
1658 2782 1743 2823 Sept.
1768 2781 1855 2814 1596.

1374 2846 1482 2879 Petrus
1499 2857 1519 2879 α
1537 2847 1680 2886 Fonseca,
1699 2847 1868 2879 Lusitanus
1886 2846 2123 2886 Corticadensis,
2141 2849 2207 2879 nat.
2227 2846 2316 2885 1528,

1292 2890 1369 2932 ingr.
1407 2892 1455 2923 17.
1491 2891 1585 2924 Mart.
1622 2892 1709 2930 1548,
1745 2891 1843 2924 lector
1876 2890 2079 2933 philosophiae
2114 2890 2317 2923 Conimbricae

1291 2935 1410 2976 primus
1434 2935 1467 2967 in
1490 2935 1739 2977 praelectionibus
1764 2936 1915 2968 tractavit
1939 2935 2122 2974 „scientiam
2145 2934 2315 2974 mediam“‚

1293 2989 1388 3021 quam
1416 2983 1527 3021 postea
1555 2980 1622 3022 ejus
1651 2980 1819 3022 discipulus
1847 2979 1965 3012 Molina
1993 2979 2126 3021 amplius
2155 2979 2314 3021 explicuit.

1291 3023 1311 3065 †
1340 3023 1526 3066 Ulyssipone
1554 3025 1582 3057 4.
1612 3024 1692 3057 Nov.
1723 3024 1810 3057 1599.

1773 3112 1832 3145 612
