2372 3550
153 304 311 341 Hispania,
332 303 491 334 Lusitania

637 302 811 338 Germania,
833 302 973 338 Belgium

1158 301 1280 337 Anglia,
1302 302 1429 332 polonia

1711 301 1871 331 Missiones
1891 301 2008 332 exterae

85 431 211 463 Carolus
248 430 307 462 ΙΙΙ.
344 430 412 470 (rex
447 429 545 470 Neap.
582 429 659 460 1768
677 428 865 460 Residentiae
880 429 1035 461 Sedamn-

104 475 322 515 1738—1759)‚
349 474 547 506 1759-—1788

102 529 157 551 rex
171 519 339 560 Hispaniae,
363 522 478 550 natura
497 527 548 549 su—

103 563 260 605 spiciosus,
271 573 289 594 a
296 563 437 594 ministro
448 562 547 593 Aran-

103 608 144 640 da
164 608 204 639 ad
224 607 425 649 affligendam
445 606 548 639 Socie-

103 656 202 684 tatem
220 651 367 684 inductus
386 654 442 683 est.

82 785 158 817 Post
175 784 273 826 plebis
291 784 483 816 Matritensis
501 794 547 816 se-

102 829 253 862 ditionem
264 829 325 870 (26.
337 829 430 860 Mart.
443 829 545 870 1766),

102 874 190 915 cujus
202 873 331 905 victima
338 873 399 905 fuit
407 873 546 905 marchio

101 917 324 960 Scyllaciensis,
331 917 473 950 minister
480 918 547 950 the-

102 962 185 994 sauri
207 965 239 994 et
261 961 342 1001 belli,
367 962 484 1004 ejectus
508 972 547 994 ex

102 1007 264 1048 Hispania,
286 1010 380 1038 aucta
400 1010 448 1039 est
467 1007 546 1049 regis

102 1051 221 1083 aversio
229 1051 543 1084 contraSocietatem.

81 1185 235 1217 Praeterea
258 1184 291 1217 id
315 1188 434 1216 certum
460 1184 545 1217 vide-

101 1233 166 1261 tur:
193 1239 262 1271 quas
294 1229 396 1261 Roma
419 1229 459 1261 ab
490 1229 545 1261 Hi-

101 1274 217 1315 spaniae
233 1273 357 1305 asseclis
375 1273 415 1305 ad
442 1273 545 1306 aulam

100 1318 315 1350 Matritensem
369 1318 546 1350 scribeban-

102 1367 154 1395 tur
177 1362 299 1401 litterae,
327 1372 362 1394 eo
389 1367 545 1404 spectasse

102 1417 217 1445 omnes,
230 1410 267 1439 ut
276 1417 378 1449 regem
391 1410 423 1439 et
435 1411 546 1439 contra

102 1452 240 1484 Jesuitas
260 1454 292 1483 et
311 1455 420 1484 contra
438 1451 546 1484 Ponti-

101 1496 193 1529 ficem
215 1496 343 1538 ejusque
365 1496 492 1528 domum
513 1500 546 1529 et

101 1540 319 1573 administrum
362 1540 545 1582 primarium

100 1585 282 1617 incitarent:
306 1595 408 1627 regem
432 1585 545 1627 Hispa-

100 1630 158 1662 niae
171 1630 279 1662 Romae
291 1629 381 1662 flocci
393 1629 461 1662 fieri
474 1640 543 1662 nar-

98 1674 226 1707 rabant:
249 1674 396 1713 Jesuitas,
419 1684 544 1716 praeser-

100 1719 158 1751 tim
179 1718 294 1751 ordinis
315 1718 431 1760 primos
452 1719 544 1760 (Syn-

100 1763 219 1795 edrium
259 1763 430 1805 vocabant)
481 1763 544 1796 bel—

99 1807 164 1839 lum
177 1811 347 1840 contumax
355 1811 450 1849 atque
457 1817 544 1850 aper-

101 1855 169 1884 tum
183 1862 288 1894 gerere
310 1862 380 1884 cum
397 1862 466 1894 rege
489 1852 544 1884 Hi-

101 1896 230 1938 spaniae,
253 1896 278 1928 si
301 1896 376 1938 quid
398 1897 544 1929 noverint

99 1941 219 1983 placere
237 1941 310 1983 regi,
330 1941 478 1973 continuo
498 1941 543 1974 in-

100 1986 264 2024 tercedere,
277 1985 397 2018 cunctis
410 1986 476 2027 ejus
489 1996 543 2018 vo-

98 2029 274 2062 luntatibus
283 2030 453 2062 adversari:
462 2031 543 2063 Pon-

100 2074 217 2107 tificem
240 2075 339 2116 magis
363 2074 467 2107 favere
491 2075 543 2107 Je-

100 2119 198 2158 suitis,
224 2129 318 2161 quam
342 2119 405 2161 regi
430 2119 543 2161 Hispa-

99 2163 171 2195 niae:
192 2163 323 2196 honores
345 2174 381 2196 ac
402 2164 542 2196 sacerdo-

99 2208 145 2240 tia
157 2208 178 2240 J
179 2208 347 2240 esuitarum
362 2208 483 2241 asseclis
496 2212 543 2241 at-

100 2263 159 2294 que
172 2253 417 2285 assentatoribus
431 2253 541 2292 tribui;

100 2307 177 2338 quos
209 2307 264 2329 rex
298 2298 541 2337 commendaret,

99 2341 242 2383 negligi.“
280 2341 331 2373 Ita
352 2343 453 2373 Julius
470 2344 542 2374 Cor-

98 2387 173 2417 dara
188 2386 233 2427 (in
250 2386 485 2419 Commentariis
500 2387 541 2419 ad

98 2430 297 2462 Franciscum
319 2430 470 2473 fratrem).

282 3093 407 3127 342'

599 473 643 505 sis
679 472 850 505 incolarum
888 483 1034 505 numerus

601 520 711 549 auctus
732 521 780 549 est
798 527 854 558 per
872 517 1034 550 missiona-

600 561 680 593 rium
706 561 861 603 gallicum,
890 562 942 603 qui
966 562 1035 604 plu·
1068 562 1145 593 1769
1182 561 1320 603 Egressis
1361 561 1520 594 Posnania

1087 606 1220 638 Moschis
1251 606 1434 638 dissidentes
1467 606 1520 647 qui

1086 650 1162 683 istos
1185 660 1265 691 saepe
1288 654 1398 682 contra
1419 650 1520 682 Jesui-

1087 699 1136 727 tas
1152 694 1389 736 instigaverant‚
1406 694 1440 726 in
1453 695 1520 727 Col-

1086 739 1164 781 legio
1189 739 1310 780 asylum
1334 739 1520 781 flagitarunt

599 606 685 637 ribus
719 605 752 637 in
785 605 859 638 locis
894 606 1035 639 Vallesiae

599 650 760 682 missiones
789 650 902 682 habuit
932 655 1034 683 extra-

601 694 755 726 ordinario
802 705 871 727 cum
917 695 1032 728 fructu.

601 739 671 771 Non
701 738 801 771 solum
831 740 1033 781 magistratus

600 793 706 815 omnes
718 783 845 825 singulis
859 784 1034 826 quibusque

600 827 754 860 exercitiis
797 828 937 867 aderant,
980 829 1034 861 sed

598 872 652 914 pia
675 871 847 904 multitudo
870 872 957 905 nulla
979 873 1034 905 ha—

599 916 667 948 bita
694 916 816 949 ratione
842 917 961 956 hiemis,
989 918 1034 950 ni-

599 961 656 1000 vis,
677 960 774 1003 gelus,
801 971 839 993 ex
875 961 1033 994 altissimis

598 1005 758 1037 montibus
776 1005 957 1045 advolabat,
975 1007 1034 1039 etsi

598 1060 653 1091 per
671 1050 771 1082 noctis
788 1050 934 1083 tenebras
947 1051 1033 1084 rede-

598 1094 718 1126 undum
755 1098 831 1127 erat.
904 1095 1031 1128 Sacram

598 1138 848 1171 communionem
887 1139 1033 1173 distribui

598 1193 720 1215 necesse
743 1188 810 1216 erat
830 1184 908 1216 hora
928 1185 968 1223 5.‚
991 1185 1031 1223 6.,

599 1229 625 1260 7.
654 1228 840 1269 vespertina,
869 1239 939 1260 cum
981 1240 1032 1261 ne-

597 1282 648 1304 mo
664 1272 749 1305 abire
765 1272 868 1311 vellet,
885 1273 943 1305 nisi
959 1284 1031 1306 con-

597 1317 728 1349 fessione
755 1317 899 1359 expiatus
927 1322 959 1350 et
986 1319 1031 1350 di-

598 1361 671 1393 vino
704 1361 819 1403 pabulo
853 1362 997 1395 refectus.

578 1673 655 1705 1769
665 1672 867 1714 Magistratus
880 1673 1031 1706 Tridenti-

596 1727 655 1749 nus
672 1717 754 1749 inter
770 1717 877 1750 laudes
894 1718 1031 1751 Societa-

597 1761 638 1793 tis
662 1761 752 1800 dixit,
777 1762 812 1800 si,
838 1763 922 1804 quod
945 1763 1030 1795 Deus

597 1810 731 1845 avertat,
765 1806 871 1838 eadem
905 1807 1031 1840 sinistra

597 1861 672 1889 sors,
692 1861 761 1892 quae
784 1851 951 1884 Lusitanos
975 1852 1030 1884 Hi-

597 1905 772 1937 spanosque
781 1895 890 1928 Patres
900 1906 1030 1938 occupa-

596 1940 653 1978 vit,
685 1943 718 1972 et
747 1940 945 1973 Tridentinos
976 1951 1030 1983 op-

595 1984 752 2026 primeret,
841 1985 1029 2018 claudendas

596 2039 661 2061 esse
677 2029 761 2061 urbis
778 2033 895 2070 portas,
914 2040 952 2062 ne
969 2030 1030 2062 ela-

596 2073 752 2112 berentur,
793 2077 826 2106 et
864 2074 1029 2116 providen-

596 2118 681 2157 dum,
701 2128 764 2160 qua
779 2118 900 2151 ratione
916 2119 1029 2152 retine—

595 2166 703 2195 rentur
717 2162 775 2194 viri
790 2163 829 2195 de
843 2163 948 2205 patria
962 2168 1028 2196 tam

596 2207 673 2239 bene
690 2207 802 2246 meriti,
822 2208 908 2249 queis
925 2218 1028 2240 carere

595 2252 674 2284 citra
698 2251 896 2293 irreparabile
922 2256 954 2284 et
979 2263 1028 2285 ur-

595 2296 642 2328 bis
663 2299 696 2328 et
716 2296 856 2329 dioecesis
877 2297 1027 2329 damnum

594 2351 657 2373 non
674 2340 789 2374 liceret.

574 2430 693 2462 Eodem
710 2439 792 2462 anno
810 2430 850 2462 20
866 2432 1028 2462 missiones

1087 787 1119 815 et
1144 783 1348 816 obtinuerunt
1372 784 1518 816 timentes

1087 828 1145 860 sibi
1177 838 1196 860 a
1226 828 1379 860 foederata
1409 828 1518 860 nobili-

1087 876 1154 905 tate
1173 871 1300 905 Polona.

1062 2253 1139 2284 1770
1154 2262 1258 2284 mense
1273 2250 1372 2293 Aprili
1387 2251 1514 2284 Jubilae-

1081 2306 1134 2328 um
1157 2296 1285 2329 Gadis-sii
1305 2305 1419 2338 magno
1443 2306 1513 2328 cum

1080 2340 1201 2373 fervore
1246 2339 1436 2373 celebratum
1481 2340 1514 2373 in

1080 2385 1156 2418 urbe
1181 2388 1213 2417 et
1237 2384 1435 2417 missionibus
1458 2394 1514 2426 per

1080 2439 1176 2472 pagos
1194 2439 1251 2471 pro
1269 2429 1348 2461 inito
1366 2429 1513 2471 regimine

593 2474 709 2507 habitae
722 2474 755 2506 in
768 2474 952 2507 Palatinatu
967 2475 1027 2507 Ba·
1079 2473 1335 2507 ClementisXIV.
1348 2473 1512 2506 indictum.

593 2519 698 2551 varico
716 2522 749 2551 et
765 2519 798 2551 in
815 2519 834 2551 3
852 2519 921 2551 aliis
939 2520 1026 2552 terri-

593 2563 680 2596 toriis
711 2573 782 2595 011111
812 2563 916 2596 fructu
947 2574 1026 2596 nun-

594 2618 688 2650 quam
707 2611 883 2649 expectato.

766 3095 826 3127 343

1083 2519 1152 2556 Quo
1177 2528 1260 2551 anno
1285 2518 1393 2551 morbo
1419 2518 1513 2560 pesti-

1077 2563 1155 2596 lenti
1171 2573 1226 2605 per
1247 2562 1356 2596 urbem
1371 2572 1512 2605 grassan-

1079 2611 1154 2640 teet
1173 2607 1288 2640 multos
1308 2606 1390 2640 cives
1411 2607 1512 2639 extin-

1076 2655 1191 2694 guente
1201 2651 1282 2684 Socii
1298 2651 1393 2684 etiam
1417 2651 1512 2684 iniec-

1077 2696 1118 2729 tis
1155 2696 1323 2729 servientes
1355 2705 1461 2728 omnes
1493 2706 1512 2728 a

1077 2741 1261 2784 contagione
1280 2740 1396 2774 servati
1415 2744 1498 2774 sunt.

1553 428 1630 460 1763
1654 427 1783 460 Jesuitae
1806 427 1964 469 peHuntur
1988 438 2004 460 e
2028 428 2175 461 Luisiana

1571 472 1658 514 jussu
1679 472 1820 514 gubernii
1840 471 1922 514 galli.

1551 898 1717 930 Provincia
1737 897 1930 938 Paraquaria
1949 897 2134 930 numerabat

1658 951 1718 982 564
1738 950 1852 989 Socios,
1874 951 1956 983 inter
1977 960 2054 993 quos

1658 995 1717 1027 385
1738 995 1817 1033 Sac.,

1678 1040 1717 1071 59
1738 1038 1840 1071 Schol.

1679 1084 1715 1116 11
1737 1083 1883 1122 novitios,

1659 1128 1717 1160 109
1737 1127 1832 1160 Coad.

1678 1173 1716 1205 13
1737 1173 1768 1205 c.

1698 1218 1715 1249 1
1737 1218 1815 1254 pr.

1697 1262 1715 1293 3
1737 1263 1815 1295 Dex-

1697 1307 1714 1338 2
1737 1307 1775 1338 R.

1675 1351 1714 1383 57
1735 1350 1930 1383 reductiones
1952 1360 2022 1382 cum

1587 1396 1715 1428 113.716
1738 1395 1885 1428 Indianis.

1548 1449 1624 1482 Sitae
1638 1453 1727 1481 erant
1745 1448 1778 1480 in
1793 1448 1811 1480 3
1826 1448 2018 1481 districtibus
2032 1448 2171 1481 fluminis

1568 1493 1670 1532 Plata,
1693 1493 1901 1531 Tuoumaniaa
1926 1493 2087 1536 Paraquae.

1550 1628 1636 1660 Inter
1659 1627 1777 1659 Chacos
1801 1627 1839 1659 15
1863 1636 1952 1659 novae
1975 1626 2170 1660 reductiones

1568 1672 1702 1704 conditae
1741 1671 1867 1704 fuerant
1906 1681 1924 1703 a
1963 1672 2169 1711 1734—1767,

1569 1727 1630 1758 quo
1667 1726 1749 1748 anno
1786 1715 1995 1749 numerabant
2030 1716 2170 1749 christia-

1568 1771 1624 1793 nos
1642 1761 1720 1793 4473
1736 1761 1818 1793 inter
1834 1760 1951 1793 incolas
1963 1761 2000 1793 12
2007 1761 2079 1799 661;
2098 1760 2169 1793 ulti-

1568 1816 1621 1838 ma
1639 1809 1744 1847 coepta
1761 1809 1809 1838 est
1827 1806 1904 1837 1767
1922 1815 1992 1837 cum
2011 1805 2089 1837 6000
2106 1805 2169 1838 fere

1570 1850 1717 1888 Indiauis,
1739 1860 1870 1892 quorum
1892 1849 1985 1892 pauci
1998 1849 2063 1892 jam
2080 1853 2169 1883 erant

1567 1894 1736 1927 christiani.
