2372 3550
140 239 190 297 Ι.
233 238 501 297 Notitia
539 238 916 296 summaria
955 240 1039 296 de
1076 238 1407 297 Instituto
1447 237 1814 296 societatis
1851 236 1897 295 J
1898 252 2036 296 eSU.

687 362 731 403 1.
760 362 1049 403 Institutum
1078 361 1352 403 societatis
1380 362 1516 415 Jesu.

130 450 263 483 Nomine
294 449 438 482 Instituti
477 449 566 482 venit
596 449 774 491 complexus
805 450 943 482 omnium
973 450 1076 492 legum

52 494 165 537 quibus
192 495 310 536 regitur
337 494 485 526 Societas.

1141 451 1168 483 9.
1191 451 1277 489 Pars,
1309 451 1347 482 de
1376 450 1547 491 Praeposito
1577 449 1730 488 Generali,
1761 449 1800 481 de
1830 449 1896 491 ejus
1927 449 2142 491 qualitatibus,

1192 495 1391 534 auctoritate,
1417 495 1531 527 officio.

129 547 230 579 Variae
247 547 431 588 prodierunt
450 546 600 578 editiones
622 546 776 586 Instituti,
799 557 931 588 quarum
952 547 1074 586 ultima,
1121 552 1167 584 10,
1190 552 1276 590 Pars,
1301 552 1339 584 de
1361 552 1454 583 modo
1479 561 1540 593 quo
1563 551 1701 583 Societas
1723 551 1756 583 in
1779 561 1834 583 suo
1857 551 1939 583 bono
1962 555 2050 584 statu
2073 561 2144 583 con-

49 591 214 623 Florentiae
246 591 331 623 edita
363 591 426 632 (an.
461 591 640 633 1892—93),
665 591 765 623 tribus
798 591 1010 623 voluminibus
1041 592 1075 623 in

51 635 125 668 folio
148 639 283 668 constat.

131 688 168 719 In
195 690 293 726 primo
319 690 475 720 volumine
500 688 679 721 continetur
704 688 878 721 Bullan'um
897 689 1072 728 Societatis‚

48 742 102 765 seu
136 732 282 765 Collectio
315 732 492 764 litterarum
526 733 777 774 Apostolicarum
814 734 855 765 ad
885 734 1073 766 Societatem

48 777 269 819 spectantium,
289 786 324 808 ac
342 777 568 818 Compendium
586 777 823 819 Privilegiorum
841 778 1016 810 Societatis.

129 829 166 861 In
192 831 326 861 secundo
353 831 520 866 volumine,
548 829 691 861 Examen
718 829 867 861 Generale
895 834 926 861 et
953 830 1074 862 Consti-

48 873 186 906 tutiones
216 884 287 906 cum
316 873 597 912 Declarationibus,
628 874 763 905 Decreta
792 874 1073 915 Congregationum

47 918 257 957 Generalium,
280 918 393 960 quibus
409 918 574 959 subjacent
584 918 724 950 Canones
745 918 889 950 undecim
900 919 1072 960 primarum

47 962 340 1005 Congregationum,
366 963 509 995 Censurae
534 966 566 994 et
585 963 756 1004 Praecepta,
783 973 820 994 ac
840 963 995 995 Formulae
1020 973 1073 994 va-

45 1007 162 1039 riarum
194 1007 485 1049 Congregationum,
518 1017 629 1048 nempe
661 1007 829 1046 Generalis,
862 1007 1072 1048 provincialis,

45 1055 294 1093 procuratorum,
317 1055 350 1084 et
370 1052 411 1083 ad
432 1051 608 1093 eligendum
630 1051 798 1083 Vicarium.

127 1105 164 1136 In
185 1107 274 1137 tertio
295 1107 462 1142 volumine,
485 1104 612 1146 Regulae
632 1108 700 1136 tum
722 1104 888 1145 generales,
912 1108 980 1136 tum
1002 1115 1073 1145 par-

46 1149 200 1189 ticulares,
241 1149 336 1181 Ratio
374 1149 565 1187 Studiorum,
606 1149 826 1180 Ordinationes
865 1153 897 1180 et
936 1149 1072 1181 Instruc-

46 1194 146 1226 tiones
165 1194 407 1235 Praepositorum
428 1193 635 1232 Generalium,
658 1193 824 1225 Industriae
843 1193 946 1225 Patris
966 1194 1072 1235 Aqua-

46 1238 140 1280 vivae;
165 1239 277 1271 deinde
300 1238 460 1270 Exercitia
482 1237 664 1279 Spiritualia
688 1241 720 1269 et
742 1238 962 1270 Directorium.
1012 1239 1072 1269 Vo-

45 1282 151 1315 lumen
185 1283 341 1315 clauditur
367 1286 512 1315 accurato
539 1286 571 1314 et
596 1282 732 1324 pretioso
761 1282 867 1314 Indice
894 1283 991 1314 totius
1022 1283 1072 1314 ln-

45 1327 161 1360 stituti.

124 1381 172 1412 De
199 1380 326 1422 singulis
352 1380 400 1412 his
426 1379 568 1428 partibus
596 1380 661 1412 haec
688 1380 824 1412 tenenda
850 1384 937 1412 sunt:

125 1435 248 1465 Litterae
287 1435 471 1472 Apostolicae
510 1434 645 1475 primum
697 1433 777 1465 citra
816 1433 1070 1472 controversiam,

46 1479 94 1511 uti
119 1478 281 1520 dignitatis
306 1478 353 1510 ita
378 1482 410 1510 et
435 1478 632 1510 auctoritatis
657 1478 789 1519 gradum
816 1478 971 1510 obtinent.

124 1533 345 1569 compendium
376 1533 608 1569 privilegiorum
640 1531 782 1563 continet
823 1531 930 1563 ordine
964 1531 1072 1573 alpha—

46 1575 147 1608 betico
167 1576 331 1618 privilegia
350 1576 516 1608 Societatis
537 1580 605 1608 tum
626 1576 653 1607 ei
674 1586 693 1607 a
712 1576 742 1608 S.
764 1576 843 1607 Sede
863 1576 979 1608 directe
1001 1586 1072 1608 con-

46 1630 140 1660 cessa,
184 1624 252 1653 tum
294 1630 350 1662 per
394 1621 707 1653 communicationem
757 1620 956 1661 participata,
1000 1631 1070 1652 cum

46 1665 227 1697 eorumdem
253 1665 536 1697 communicatione
563 1675 582 1697 a
607 1664 778 1706 Praeposito
805 1665 949 1697 Generali
974 1665 1071 1697 Sociis

46 1709 116 1751 plus
145 1709 289 1742 minusve
317 1710 437 1751 integre
466 1710 560 1742 facta.

124 1764 265 1794 Examen
279 1765 425 1795 Generale
439 1773 510 1794 cum
524 1763 587 1794 suis
601 1762 883 1801 Declarationibus,
900 1773 918 1794 a
931 1763 961 1795 S.
978 1763 1072 1794 Patre

47 1806 170 1849 Ignatio
196 1808 415 1849 conscriptum,
444 1807 587 1839 omnibus
613 1807 796 1839 Candidatis
822 1808 1070 1849 proponendum,

46 1851 171 1884 brevem
187 1852 353 1884 Societatis
383 1852 529 1884 notitiam
559 1852 678 1893 praebet
706 1856 739 1884 et
769 1852 938 1893 qualitates
969 1852 1072 1893 dispo·

45 1896 234 1938 sitionesque
265 1897 297 1928 in
329 1896 533 1928 admittendis
565 1896 730 1938 requisitas
761 1897 889 1929 indicat.

125 1978 363 2008 constitutiones
398 1976 504 2008 decem
540 1976 683 2017 partibus
720 1979 881 2008 constant:

66 2042 94 2075 1.
116 2042 202 2081 Pars,
232 2042 270 2074 de
299 2042 485 2074 admissione
515 2042 555 2074 ad
584 2042 802 2084 probationem
833 2046 962 2075 tractat.

66 2096 93 2128 2.
115 2095 201 2134 Pars,
229 2096 267 2127 de
293 2095 470 2128 dimissione
496 2096 561 2128 sive
586 2100 658 2137 post
686 2100 762 2128 vota
787 2096 852 2128 sive
878 2101 951 2129 ante
978 2107 1014 2128 ca
1040 2097 1070 2129 in

116 2140 184 2182 ipsa
213 2140 408 2182 probatione.

64 2193 92 2226 3.
115 2193 201 2233 Pars,
224 2193 262 2226 de
288 2193 398 2225 mediis
425 2193 465 2225 ad
492 2194 739 2225 conservandum
766 2198 797 2226 et
822 2195 1069 2235 promovendum

117 2247 167 2270 eos
191 2238 244 2280 qui
264 2238 298 2270 in
319 2238 414 2270 variis
435 2238 628 2280 probationis
651 2238 799 2280 gradibus
822 2243 996 2271 versantur.

64 2290 92 2323 4.
114 2290 200 2330 Pars,
222 2291 261 2323 de
282 2291 543 2324 Scholasticorum
565 2292 597 2323 in
618 2291 732 2324 litteris
752 2292 957 2324 instructione
979 2297 1010 2324 et
1032 2293 1069 2324 de

115 2335 226 2367 studiis
261 2339 330 2368 tum
357 2336 553 2375 Nostrorum,
590 2339 658 2368 tum
694 2336 825 2368 aliorum
859 2337 892 2368 in
928 2337 1069 2378 Collegiis

114 2383 147 2412 et
180 2380 446 2413 Universitatibus
479 2381 654 2413 Societatis.

63 2431 91 2465 5.
113 2432 200 2472 Pars,
226 2433 264 2465 de
288 2433 487 2475 ccoptatione
510 2434 543 2465 in
567 2443 678 2475 corpus
704 2434 879 2473 Societatis,
904 2434 944 2466 ad
966 2434 1068 2466 varios

111 2477 177 2518 ejus
198 2478 312 2519 gradus
341 2488 396 2520 per
422 2481 507 2517 vota,
538 2477 577 2510 de
598 2478 801 2517 Professione‚
833 2479 871 2510 de
901 2479 983 2511 votis
1013 2479 1068 2511 Co-

114 2521 296 2563 adjutorum
321 2526 354 2555 et
378 2522 649 2556 scholasticorum.

63 2574 91 2607 6.
113 2574 199 2614 Pars,
230 2575 269 2607 de
296 2575 508 2607 Professorum
537 2579 570 2608 et
605 2575 830 2617 Coadjutorum
860 2576 1066 2608 formatorum

114 2619 300 2658 obedientia,
325 2623 512 2661 paupertate
537 2624 569 2652 et
593 2620 779 2662 castitate.¹)

64 2673 91 2704 7.
113 2672 199 2711 Pars,
218 2673 256 2705 de
274 2673 452 2705 ministeriis
468 2673 500 2705 in
519 2673 732 2715 proximorum
749 2673 931 2712 utilitatem,
954 2673 1066 2715 quibus

113 2717 251 2749 Societas
279 2717 443 2750 incumbit.

63 2769 91 2802 8.
112 2769 199 2809 Pars,
226 2770 265 2802 de
291 2770 404 2803 unione
430 2771 639 2803 membrorum
666 2771 840 2810 Societatis,
867 2771 949 2803 inter
975 2781 1006 2803 se
1033 2775 1066 2803 et

113 2814 249 2847 maxime
274 2815 312 2847 de
328 2814 573 2858 Congregatione
595 2815 737 2848 Generali
763 2819 795 2848 et
820 2815 970 2848 electione
985 2816 1067 2847 Prae-

112 2858 208 2900 positi
228 2859 397 2893 Generalis.

522 2948 581 2982 597

1191 596 1307 628 servari
1329 600 1360 628 et
1382 596 1487 638 augeri
1507 600 1623 638 potest.

1199 653 1332 694 Singulis
1368 653 1530 685 Examinis
1564 657 1596 685 et
1628 652 1896 685 Constitutionum
1923 653 2086 694 Capitibus
2112 653 2143 685 S.

1120 697 1261 739 lgnatius
1276 699 1505 729 Declarationes
1521 697 1651 736 addidit,
1671 707 1740 739 quae
1765 697 1805 729 ad
1828 697 1927 739 magis
1943 697 2146 739 particularia

1119 741 1321 774 descendunt.
1364 742 1435 773 Non
1454 742 1582 774 minoris
1603 745 1678 773 sunt
1697 742 1895 774 auctoritatis
1915 752 1951 774 ac
1971 742 2046 784 ipsae
2066 742 2144 774 Con-

1118 786 1299 818 stitutiones
1329 786 1379 827 (ut
1408 787 1523 818 dicitur
1550 787 1583 818 in
1612 786 1768 818 Prooemio
1798 786 1927 828 Const.).

1198 843 1255 875 His
1283 848 1319 875 ut
1346 844 1503 885 appendix
1530 844 1708 876 adnectitur
1734 845 1868 875 formula
1893 846 2036 875 votorum
2069 845 2144 874 sim-

1118 890 1253 925 plicium,
1279 898 1347 929 quae
1365 888 1499 920 Professi
1523 889 1676 920 emittunt
1698 892 1771 929 post
1793 888 2027 929 professionem,
2051 888 2145 930 juxta

1120 932 1376 965 Constitutiones.

1198 981 1444 1013 Constitutiones
1477 991 1550 1013 vero
1584 985 1616 1013 et
1647 980 1891 1020 Declarationes,
1925 991 1963 1013 ex
1996 981 2145 1022 explicita

1119 1026 1321 1067 dispositione
1338 1026 1368 1058 S.
1386 1026 1529 1058 Parentis
1547 1026 1594 1067 (P.
1614 1026 1667 1058 VI.
1686 1026 1718 1058 C.
1736 1026 1769 1067 5)
1785 1025 1903 1057 nullam
1922 1025 2144 1067 obligationem

1118 1070 1158 1101 ad
1182 1074 1346 1111 peccatum
1371 1071 1503 1102 mortale
1527 1070 1577 1102 vel
1601 1070 1721 1102 veniale
1745 1070 1908 1109 inducunt,
1933 1070 1982 1102 his
2006 1071 2144 1112 exceptis

1119 1125 1187 1156 quae
1210 1115 1268 1146 sub
1292 1115 1375 1146 votis
1400 1116 1526 1153 cadunt,
1551 1115 1610 1146 nisi
1634 1115 1676 1147 eis
1700 1115 1930 1156 superaddatur
1951 1119 2143 1156 praeceptum

1118 1159 1263 1191 strictum
1292 1160 1472 1201 Superioris.
1524 1159 1673 1201 Obligant
1702 1169 1774 1191 vero
1803 1159 1843 1191 ad
1871 1169 2008 1201 poenam.

1197 1219 1327 1248 Decreta
1362 1218 1639 1254 congregationum
1672 1219 1877 1254 Generalium,
1917 1220 2028 1258 utpote
2063 1217 2143 1249 ordi-

1118 1261 1261 1293 nationes
1293 1272 1444 1302 supremae
1475 1261 1673 1293 auctoritatis
1713 1262 1745 1292 in
1776 1262 1932 1293 Societate
1962 1265 2035 1303 post
2065 1262 2143 1294 Con-

1118 1306 1298 1337 stitutiones
1330 1306 1506 1347 proximum
1540 1306 1641 1337 locum
1675 1310 1793 1344 tenent,
1833 1316 1868 1338 ac
1905 1306 2045 1338 eamdem
2077 1306 2142 1338 vim

1117 1350 1235 1382 habent
1260 1355 1355 1391 atquc
1380 1351 1454 1391 ipsae
1478 1351 1733 1382 Constitutiones.
1780 1350 1886 1382 Editio
1913 1350 2057 1382 Instituti
2081 1351 2143 1382 Ro-

1118 1405 1212 1426 mana
1235 1399 1266 1426 et
1288 1395 1469 1426 Florentina
1492 1395 1697 1433 inseruerunt,
1722 1399 1758 1427 ut
1781 1395 1993 1436 appendicem,
2018 1395 2143 1427 decreta

1119 1439 1255 1481 quinque
1292 1440 1583 1481 Congregaffionum,
1621 1449 1690 1481 quae
1724 1440 1756 1471 in
1792 1439 1873 1471 Alba
1908 1440 2022 1471 Russia
2055 1440 2143 1471 habi-

1118 1488 1159 1516 tae
1186 1488 1271 1516 sunt.

1197 1532 1247 1564 Ex
1269 1533 1411 1565 undecim
1436 1533 1588 1574 prioribus
1611 1533 1908 1574 Congregationibus
1931 1535 2069 1564 canones
2091 1543 2142 1565 ex-

1118 1578 1211 1609 tracti
1232 1582 1306 1609 sunt
1325 1588 1427 1609 rerum
1448 1578 1565 1609 scilicet
1585 1577 1625 1609 ad
1646 1578 1767 1618 praxim
1788 1578 1886 1619 magis
1906 1577 2141 1619 pertinentium.

1118 1622 1355 1663 Congregationi
1385 1626 1490 1654 autem
1520 1622 1596 1654 XII.
1619 1622 1720 1654 visum
1751 1626 1798 1654 est
1826 1622 1970 1663 deinceps
2000 1632 2061 1654 non
2091 1633 2143 1654 ex-

1119 1667 1287 1698 trahendos
1320 1677 1383 1698 esse
1415 1677 1557 1699 canones

1197 1717 1340 1746 censurae
1364 1718 1394 1746 et
1418 1718 1584 1754 Praecepta,
1610 1719 1646 1747 ut
1670 1719 1768 1757 patet,
1794 1715 1936 1758 obligant
1959 1719 1991 1748 et
2016 1716 2141 1757 quidem

1119 1760 1176 1791 sub
1198 1761 1296 1801 gravi.

1197 1812 1351 1841 Formulae
1382 1811 1674 1847 congregationum,
1705 1809 1893 1841 auctoritate
1924 1809 2142 1851 Congregatio-

1118 1864 1191 1885 num
1223 1854 1421 1886 Generalium
1452 1855 1600 1886 confectae
1630 1859 1661 1886 et
1691 1854 1882 1895 approbatae,
1913 1854 2054 1886 eamdem
2077 1854 2141 1885 vim

1116 1898 1235 1930 habent
1257 1909 1293 1930 ac
1315 1899 1596 1941 Congrcgationum
1619 1899 1752 1931 decreta.

1197 1958 1324 1993 Regulae
1351 1956 1419 1988 aliae
1447 1960 1521 1988 sunt
1546 1956 1712 1998 generales,
1743 1965 1811 1998 quae
1839 1966 1944 1988 omnes
1972 1955 2142 1996 respiciunt

1117 2000 1340 2041 (Smumarium
1376 2001 1654 2039 Constitutionum,
1692 2000 1818 2042 Regulae
1852 2010 2040 2038 communes,
2076 2000 2141 2031 Mo-

1117 2045 1246 2087 destiae),
1264 2045 1313 2077 vel
1327 2045 1464 2077 diversas
1479 2046 1638 2077 Sociorum
1653 2045 1764 2077 classes
1779 2045 1919 2087 (Regulae
1933 2045 2140 2082 sacerdotum,

1117 2089 1387 2128 Scholasticorum,
1397 2090 1621 2131 coadjutorum
1641 2090 1859 2131 temporalium
1879 2090 1961 2131 etc),
1981 2089 2050 2121 aliae
2067 2093 2142 2121 sunt

1116 2134 1327 2175 particulares,
1354 2145 1394 2166 sc.
1422 2135 1578 2166 variorum
1605 2134 1779 2166 officiorum
1804 2135 1846 2175 (v.
1872 2144 1900 2176 g.
1927 2133 2140 2172 Provincialis,

1116 2179 1267 2217 Rectoris,
1302 2179 1445 2217 ministri,
1468 2179 1585 2217 aeditui,
1611 2179 1723 2221 coqui).
1763 2179 1829 2210 Has
1846 2178 1966 2220 regulas
1983 2178 2048 2220 jam
2064 2187 2141 2219 prae-

1115 2223 1195 2256 vidit
1217 2224 1403 2256 necessarias
1425 2224 1455 2256 S.
1469 2224 1610 2265 lgnatius
1626 2224 1772 2264 (Prooem.
1796 2223 1926 2265 Const.),
1949 2232 2011 2255 non
2034 2226 2140 2255 tamen

1114 2268 1180 2309 ipse
1202 2268 1292 2309 plene
1315 2268 1457 2307 confecit,
1481 2269 1535 2300 sed
1558 2268 1607 2300 vel
1627 2268 1715 2309 jussu
1738 2268 2019 2310 Congregationum
2041 2267 2140 2300 Gene-

1114 2313 1237 2351 ralium,
1257 2312 1308 2345 vel
1326 2313 1515 2345 auctoritate
1534 2313 1671 2354 priorum
1688 2312 1930 2354 Praepositorum
1948 2311 2140 2353 generalium

1116 2357 1265 2390 confectae
1283 2361 1366 2390 sunt.
1397 2357 1494 2389 Paulo
1510 2358 1660 2389 minorem
1677 2357 1897 2390 auctoritatem
1912 2357 2032 2389 habent
2044 2367 2139 2399 quam

1115 2402 1362 2434 Constitutiones
1388 2402 1438 2434 vel
1462 2403 1597 2434 Decreta
1622 2402 1744 2444 (Congr.
1772 2401 1844 2434 VII.
1872 2402 1902 2434 d.
1930 2401 1990 2443 76),
2016 2401 2076 2433 nisi
2101 2411 2140 2433 ex

1114 2447 1255 2479 Decretis
1276 2446 1326 2479 vel
1338 2446 1622 2479 Constitutionibus
1643 2446 1707 2478 sint
1727 2446 1909 2488 desumptae.
1951 2446 2014 2478 Eas
2035 2444 2139 2477 nullus

1114 2491 1324 2532 Superiorum,
1347 2496 1460 2533 praeter
1481 2491 1663 2523 Generalem
1685 2491 1816 2523 condere
1837 2494 1943 2532 potest
1964 2490 2087 2532 (Congr.
2112 2490 2137 2522 I.

1193 2584 1318 2626 Regulis
1344 2584 1538 2626 generalibus
1565 2584 1794 2617 subnectuntur
1819 2583 1925 2626 aliqua
1950 2584 2139 2616 documenta

1113 2629 1209 2661 etiam
1227 2629 1392 2671 generalia,
1412 2639 1452 2661 sc.
1473 2629 1617 2670 Epistola
1634 2629 1672 2661 de
1691 2628 1887 2667 Obedientia‚
1909 2628 2078 2660 Instructio
2098 2628 2139 2659 ad

1112 2674 1302 2706 reddendam
1329 2674 1482 2706 rationem
1504 2674 1708 2712 conscientiae,
1732 2673 1898 2715 Catalogus
1919 2673 2084 2705 Missarum
2106 2676 2139 2704 et

1112 2718 1299 2756 orationum,
1322 2718 1470 2750 Formula
1501 2718 1664 2757 scribendi,
1687 2718 1713 2750 F
1715 2717 1841 2750 ormulae
1863 2721 2009 2749 votorum
2031 2717 2136 2749 variae.

1192 2773 1283 2803 Ratio
1312 2772 1488 2802 Studiorum
1518 2771 1655 2803 traditur
1685 2771 1856 2803 secundum
1881 2768 2045 2812 antiquam
2070 2769 2137 2811 ejus

1113 2815 1291 2854 editionem,
1309 2825 1371 2847 non
1388 2819 1494 2848 autem
1510 2815 1603 2856 juxta
1618 2815 1821 2848 recentiorem
1836 2815 1940 2847 Patris
1957 2814 2136 2852 Roothaan,

1114 2870 1183 2902 quae
1204 2860 1365 2902 hucusque
1389 2870 1408 2892 a
1431 2860 1540 2902 Congr.
1565 2860 1709 2893 Generali
1731 2859 1908 2902 approbata
1930 2869 1992 2891 non
2016 2862 2073 2891 est.

1595 2949 1655 2982 598

127 3057 148 3091 ¹)
164 3057 307 3084 Distinctio
324 3058 366 3085 hic
383 3059 456 3085 tacta
472 3058 542 3085 inter
558 3058 618 3084 3am
637 3060 664 3085 et
687 3058 746 3084 fiam
765 3059 868 3092 partem
887 3057 962 3092 praxi
984 3058 1038 3084 fere
1062 3058 1183 3085 evanuit:
1212 3057 1317 3093 Regulie
1343 3057 1494 3090 Summarii,
1521 3065 1580 3092 quae
1607 3057 1730 3085 omnibus
1756 3057 1926 3084 observandae
1952 3058 2137 3092 proponuntur

42 3100 115 3127 aeque
136 3101 168 3119 ex
189 3095 301 3128 utraque
322 3095 396 3129 parte
418 3094 600 3121 desumuntur.
