2372 3550
274 326 410 356 Historia
430 326 688 362 contemporanea

810 302 928 332 summi
949 301 1124 337 Pontifices,

797 347 924 377 Litterae
945 346 1134 382 Apostolicae

1207 300 1369 336 Praepositi
1390 299 1421 328 et
1441 298 1696 334 congregationes

1370 343 1532 373 Generales

1908 319 2008 357 Italia,
2028 318 2126 349 Gallia

205 453 282 484 1670
319 452 463 494 Synodus
502 452 678 485 dioecesana
713 451 745 483 in
770 452 856 483 1674.
878 451 906 483 8.
928 451 1000 483 Jan.
1025 451 1075 482 Ex
1094 450 1142 482 in-

225 497 377 529 Tunkino.

205 675 491 750 16711Βθῗ181ζ101165
502 674 633 707 morales
649 675 745 712 Ques-

223 730 262 751 ne
275 729 306 751 11.

205 898 282 929 1672
309 897 452 938 Synodus
479 897 745 929 schismaticorum

226 941 517 983 Hierosolymitana.

206 1120 303 1196 lgglssv
323 1119 542 1152 Ordinationes
575 1120 726 1152 Ludovici

207 1253 321 1294 Incipit
345 1253 382 1284 lis
410 1253 447 1284 de
475 1252 650 1295 Regalibus.

208 1475 273 1507 Pol.
300 1475 348 1507 Jo.
375 1475 515 1508 Scbieski
540 1476 745 1509 1674—1696.

208 1654 293 1685 1674.
314 1653 361 1685 28.
381 1653 449 1685 Oct.
468 1654 488 1695 †
505 1654 676 1686 Cardinalis
694 1655 747 1687 Jo-

228 1708 323 1730 annes
340 1698 429 1730 Bona
444 1698 479 1730 O.
497 1698 571 1730 Cist.

208 1920 293 1952 1675.
309 1920 354 1952 16.
363 1920 384 1952 J
385 1931 436 1952 un.
444 1920 608 1962 Apparitic
619 1921 670 1954 SS.
679 1922 749 1954 Cor-

228 1965 274 1996 dis
290 1964 366 1997 Jesu
382 1975 485 1997 coram
500 1966 670 2007 Margarita
684 1966 750 1998 Ma-

227 2008 468 2086 ‹riiiagnsslacoquffi
502 2010 630 2042 moniali
657 2011 749 2043 Pare-

209 2276 292 2352 167‘2
315 2275 463 2326 Formula
492 2287 657 2310 consensus
687 2278 750 2310 hel-

230 2330 267 2352 ve
284 2330 332 2353 1c1.

212 2809 289 2840 1678
305 2809 485 2851 Conjuratio
500 2810 577 2842 ficta
592 2820 751 2852 nuncupa-

232 2856 267 2885 ta
287 2863 306 2884 a
327 2853 398 2885 Tito
415 2853 518 2886 Oates.

459 3119 518 3151 226

798 496 911 537 juncto:
927 496 963 528 B.
979 495 1152 528 Stanislaus

801 540 925 572 Kostka
940 550 1079 572 summus
1094 540 1153 572 Po-

799 584 889 616 loniae
919 588 1070 626 patronus
1102 584 1153 616 de-

800 629 944 661 claratur.

780 1296 866 1328 1675.
892 1297 938 1329 16.
963 1297 1047 1338 Sept.
1074 1297 1151 1329 Cum

799 1341 923 1373 dudum:
944 1345 1055 1379 professi
1067 1348 1151 1372 trans-

801 1385 851 1412 lati
862 1385 896 1411 ad
909 1385 989 1412 aliam
1000 1386 1153 1421 religionem

800 1429 855 1447 non
866 1423 980 1455 possunt
995 1422 1108 1448 transire
1118 1422 1152 1448 ad

802 1457 930 1483 laxiorem
959 1457 1015 1484 sine
1044 1458 1153 1484 licentia

802 1492 871 1519 sedis
888 1493 1048 1527 apostolicae.

784 1922 980 1952 1676-1689
1004 1921 1155 1952 Innocen-

803 1966 864 1996 tius
884 1966 938 1997 XI.

784 2277 870 2308 1677.
894 2276 941 2308 10.
965 2275 1034 2308 Oct.
1078 2275 1157 2307 Cum

802 2321 863 2352 hoee
877 2319 981 2352 Sedes:
1002 2333 1015 2350 e
1034 2323 1157 2351 Tunkino

806 2364 920 2391 Romam
930 2364 1054 2391 accedere
1063 2364 1157 2398 juben-

805 2402 851 2427 tur
869 2400 921 2427 PP.
940 2400 997 2427 Jos.
1018 2399 1158 2432 Tissanier,

806 2436 894 2462 Emm.
923 2435 1050 2467 Ferreira,
1078 2435 1157 2462 Dom.

806 2471 925 2503 Fucitus,
954 2471 1003 2498 Ph.
1030 2471 1158 2503 Marinus,

807 2507 900 2533 Thom.
910 2506 1092 2541 Valgarneira,
1101 2507 1119 2534 J
1121 2515 1157 2534 OS.

807 2543 957 2574 Candonus‚
1002 2542 1096 2569 Barth.
1143 2551 1159 2568 a

807 2579 888 2605 Costa
909 2578 935 2605 S.
959 2578 985 2604 J.
1007 2585 1056 2604 nec
1078 2586 1095 2604 a
1116 2577 1159 2604 die

805 2613 983 2641 intimationis
999 2613 1084 2640 ullum
1101 2621 1158 2639 mu-

806 2658 856 2676 nus
891 2649 1051 2676 missionarii
1086 2657 1158 2675 exer-

807 2693 872 2712 cere.
904 2685 1039 2711 Generalis
1053 2684 1117 2711 alios
1131 2684 1159 2711 in

806 2729 898 2747 eorum
923 2719 1011 2747 locum
1037 2720 1158 2754 deputet,

807 2756 854 2790 qui
878 2756 949 2783 sicut
974 2755 1021 2782 alii
1046 2755 1159 2790 posthac

806 2791 964 2827 deputandi,
977 2791 1159 2825 juramentum

806 2829 934 2862 praestent
943 2826 1169 2853 subordinationis

806 2871 869 2898 erga
887 2862 1006 2889 Vicarios
1025 2862 1159 2897 Apostoli-

807 2907 859 2926 cos.
888 2898 1043 2933 (Decretum
1053 2898 1158 2932 mitiga-

807 2936 853 2961 tur
865 2934 907 2961 13.
921 2933 1001 2961 Mart.
1015 2933 1103 2968 1679.)

941 3119 1000 3151 227

1325 920 1368 946 Pr.
1385 920 1485 946 Baetica
1502 920 1578 945 1675.

1233 970 1296 1000 Dpr.
1314 967 1489 1002 Hispalensis,

1231 1014 1260 1039 c.
1276 1012 1309 1038 D.
1329 1011 1526 1046 Hermenegildi
1538 1011 1704 1046 Hispalense,

1199 1047 1385 1082 Conceptiom's
1398 1048 1429 1074 B.
1442 1047 1477 1074 M.
1492 1047 1523 1074 V.
1538 1047 1704 1081 Hispalense,

1200 1084 1374 1115 Granatense,
1399 1083 1577 1114 Cordubense,
1592 1083 1704 1109 Monte]-

1198 1120 1299 1151 lanum,
1314 1119 1499 1150 Carmonense,
1513 1119 1704 1153 Astigitanum,

1198 1155 1399 1187 Malacitanum,
1419 1154 1592 1186 Gaditanum,
1623 1154 1705 1180 Xere-

1199 1199 1304 1223 zanum,
1313 1191 1517 1225 Antiquarense,
1526 1190 1704 1222 Marcenense,

1199 1227 1357 1259 Ossunense,
1387 1227 1565 1261 Triguerense,
1605 1226 1704 1252 Baeza-

1198 1271 1263 1289 num
1274 1263 1299 1289 S.
1311 1263 1329 1290 J
1331 1263 1416 1294 acobi‚
1427 1264 1455 1289 et
1465 1262 1490 1289 S.
1503 1262 1611 1296 Ignatii,
1634 1261 1704 1288 Ube-

1198 1301 1302 1330 tanum,
1337 1298 1538 1329 Anduxarensc,
1584 1297 1704 1324 Cazorla-

1198 1343 1272 1365 num,
1298 1334 1476 1365 Guadixense,
1501 1332 1703 1365 Frexenalensffi

1199 1370 1364 1402 Moronense,
1378 1370 1535 1401 Giennense,
1549 1369 1702 1401 Utrerense;

1233 1416 1300 1447 pr.
1313 1414 1490 1449 Hispalensis;

1236 1460 1305 1485 Sem.
1319 1458 1488 1493 Hispalensia
1505 1457 1661 1492 Anglorum,
1677 1459 1705 1484 et

1201 1495 1393 1526 Hibemorum;

1234 1540 1267 1565 R.
1284 1538 1494 1570 Sanlucarensis;

1301 1582 1359 1608 Sac.
1435 1582 1485 1608 202

1301 1617 1388 1644 Schol.
1452 1618 1485 1644 99
1504 1581 1519 1687 ἲ
1537 1617 1587 1644 513

1302 1653 1382 1680 Coad.
1436 1654 1485 1680 212

1192 2809 1277 2858 1678.
1299 2809 1324 2841 1.
1343 2809 1415 2841 Jan.
1437 2809 1539 2849 Epist:
1559 2812 1599 2839 De
1615 2811 1722 2839 archivo

1211 2861 1240 2879 1n
1265 2861 1426 2887 unaquaque
1460 2853 1601 2879 Provincia
1625 2852 1723 2879 instru-

1212 2888 1280 2915 endo
1294 2890 1377 2923 atque
1390 2888 1580 2916 conservando.

1409 3117 1468 3149 228

1750 448 1827 479 1669
1840 447 1928 479 Circa
1944 447 2088 479 calendas
2101 446 2292 478 Novembres

1768 492 1801 523 in
1837 494 1911 530 Dpr.
1934 491 2100 523 Parisiensi
2123 490 2292 522 ladovicus

1771 536 1969 575 Bourdazoue,
1995 539 2068 578 post
2088 535 2166 567 2—3
2194 535 2294 567 conci-

1770 591 1852 620 ones,
1864 584 1991 613 tantum
2002 580 2227 622 episcoporum,
2239 590 2295 611 no-

1769 625 1879 657 bilium
1906 635 1942 657 ac
1981 628 2160 657 senatorum
2187 634 2294 656 nume-

1769 680 1838 701 rum
1855 669 1997 708 attraxit,
2028 673 2065 701 ut
2079 669 2134 701 vix
2148 669 2245 701 Sociis
2261 669 2294 700 in

1770 714 1887 755 templo
1902 714 1978 746 etin
2005 713 2089 746 odeis
2102 713 2188 745 locus
2202 717 2291 745 esset.

1769 758 1798 790 A
1820 759 1846 790 6.
1882 759 1960 790 hora
1980 758 2139 790 matutina
2160 757 2294 790 famulos

1772 813 1929 835 accurrere
1954 813 2077 835 neccsse
2092 802 2163 841 fuit,
2192 806 2229 834 ut
2251 802 2295 834 lo-

1772 857 1842 879 cum
1861 847 1993 879 dominis
2012 850 2209 889 occuparent,
2242 847 2295 888 qui

1772 892 1799 924 3.
1824 892 1949 924 demum
1971 892 2048 924 hora
2081 891 2296 933 pomeridiana

1773 937 2021 968 concionatorem
2045 936 2184 968 audituri
2194 939 2293 968 erant.

1743 1115 1819 1147 1672
1857 1114 1989 1146 Celebris
2015 1114 2076 1146 fuit
2100 1114 2296 1146 Ebroicensis

1772 1159 1876 1191 missio
1905 1159 1938 1191 in
1969 1159 2161 1191 Normannia
2203 1169 2296 1200 opera

1772 1204 1921 1236 Honorati
1971 1203 2143 1242 Ghaurand,
2207 1203 2295 1245 cujus

1772 1248 1919 1280 uberrimi
1933 1248 2053 1280 fructus
2069 1252 2237 1280 narrantur
2263 1248 2296 1279 in

1770 1293 1882 1325 litteris
1904 1293 2023 1324 annuis.

1753 1427 1829 1459 1673
1848 1428 1926 1464 pr.
1964 1426 1994 1458 S.
2015 1426 2198 1467 Hieronymi
2227 1426 2296 1458 Me-

1771 1471 1888 1503 diolani
1903 1471 1962 1503 hoc
1978 1471 2114 1512 primum
2143 1480 2225 1502 anno
2241 1480 2296 1502 no-

1771 1515 1865 1548 vitios
1899 1515 2021 1557 excepit
2043 1515 2153 1548 Genua
2174 1515 2294 1548 missos.

1754 1650 1831 1681 1674
1844 1651 1953 1682 Franc.
1968 1651 2006 1680 ab
2019 1650 2119 1686 Aquis
2136 1650 2246 1680 Sextiis
2259 1650 2296 1680 de

1772 1696 1932 1731 Lachaize,
1969 1693 2092 1735 ingenio
2118 1693 2238 1725 facilior
2264 1697 2297 1725 et

1772 1738 1837 1780 regi
1849 1738 2068 1780 obsequiosior,
2094 1737 2133 1769 fit
2145 1737 2212 1779 ejus
2225 1747 2296 1769 con-

1773 1782 1917 1815 fessarius
1940 1782 1972 1824 (†
1994 1783 2094 1824 1709).

1752 1917 1830 1948 1676
1863 1916 1900 1948 111
1921 1917 1952 1949 C.
1974 1915 2121 1947 Firmano
2142 1915 2161 1947 5
2181 1915 2297 1947 florent

1772 1960 2031 2003 Congregationes
2044 1960 2206 1999 Marianae3
2233 1970 2297 1992 una

1773 2009 1821 2038 est
1838 2005 2025 2037 rusticorum
2044 2005 2107 2036 fere
2126 2005 2194 2043 600,
2227 2014 2296 2046 quae

1772 2050 1850 2082 feria
1874 2050 1910 2082 V.
1929 2049 2168 2082 bacchanalium
2193 2048 2296 2090 copio-

1773 2105 1842 2127 sum
1861 2094 2016 2127 defunctis
2047 2093 2166 2126 exolvit
2184 2093 2296 2126 suffra-

1772 2139 1857 2181 gium
1892 2148 1948 2181 per
1979 2138 2184 2180 plurimarum
2220 2137 2296 2170 cele-

1773 2183 1948 2216 brationem
1967 2182 2141 2215 missarum.

1755 2274 1791 2305 In
1812 2272 1868 2305 lite
1890 2272 1972 2304 circa
1995 2271 2121 2313 Reqalia
2153 2271 2203 2313 jus
2225 2270 2297 2313 rigi-

1773 2317 1849 2349 dum
1869 2316 2029 2349 militabat
2049 2326 2105 2358 pro
2126 2316 2229 2357 Papa;
2263 2319 2298 2347 at

1772 2361 1941 2403 prudentia
1967 2364 2110 2402 respectu
2150 2360 2297 2392 altiorum

1774 2407 1926 2438 bonorum
1964 2405 2132 2438 videbatur
2157 2404 2296 2443 suadere,

1773 2461 1812 2483 ne
1834 2450 1920 2483 istud
1941 2450 1991 2492 jus
2025 2449 2157 2481 nimium
2178 2459 2298 2491 preme-

1775 2499 1827 2528 tur
1845 2498 1955 2527 contra
1971 2504 2084 2536 regem.
2137 2493 2227 2526 Unde
2246 2493 2298 2525 Je-

1775 2540 1864 2572 suitae
1882 2539 1955 2581 galli
1974 2539 2072 2580 magis
2103 2537 2299 2570 inclinabant

1773 2585 1806 2616 in
1823 2585 1963 2616 favorem
1980 2583 2068 2625 regis.
2119 2582 2222 2624 Hujus
2254 2582 2298 2613 rei

1775 2639 1869 2661 causa
1882 2627 2082 2660 Innocentius
2094 2627 2152 2659 XI.
2179 2626 2298 2659 subira-

1775 2677 1825 2705 tus
1848 2673 1918 2705 fuit.

1988 3114 2047 3146 229
