2372 3550
96 306 255 343 Hispania,
276 305 434 335 Lusitania

580 305 754 341 Germania,
775 305 916 341 Belgium

1101 303 1224 340 Anglia,
1245 303 1372 334 Polonia

1651 302 1811 333 missiones
1832 303 1950 333 exterae

27 699 104 730 1727
121 698 157 730 In
172 700 221 730 Pr.
237 698 408 730 castellana
423 708 490 730 mu-

45 743 111 775 neri
141 742 327 774 missionarii
354 742 490 775 destina-

45 790 97 819 tus
117 790 165 819 est
183 789 291 818 Petrus
310 788 490 825 calatayud,

45 831 172 870 virtute,
196 831 260 863 zelo
283 834 315 863 et
337 841 413 863 voce
435 842 490 872 po-

45 875 126 908 tenti
139 875 298 917 praeditus.
335 875 489 908 Plurimas

44 919 157 952 habuit
207 920 367 952 missiones
419 930 489 952 cum

43 965 149 996 fructu
178 964 364 1003 admirabili,
394 964 489 997 etiam

43 1009 76 1040 in
89 1008 220 1050 oppidis,
236 1019 368 1050 quorum
380 1009 489 1041 incolae

44 1063 114 1085 eum
128 1053 229 1094 primo
245 1057 385 1095 tempore
401 1063 488 1085 aver-

43 1097 203 1137 sabantur,
239 1098 288 1130 uti
323 1099 400 1129 1729
435 1098 488 1130 Se-

42 1142 185 1183 pulvedae
214 1142 246 1174 in
282 1142 406 1174 dioecesi
435 1143 488 1174 Se-

42 1186 189 1228 goviensi.

22 1452 100 1485 1729
112 1452 282 1485 Grassante
294 1453 402 1485 morbo
416 1463 486 1485 con-

42 1497 162 1539 tagioso
186 1497 267 1529 Socii
291 1497 442 1539 imprimis
455 1499 486 1530 C.

41 1541 289 1580 Santandericmz',
347 1542 487 1574 Numan-

41 1586 102 1618 tini
111 1589 143 1618 et
152 1586 191 1618 M
192 1586 393 1627 ethymnensis
402 1586 487 1618 labo-

40 1634 191 1662 raverunt
205 1634 273 1662 tum
282 1630 322 1662 ad
337 1641 427 1672 opem
439 1635 488 1663 tot

40 1674 158 1707 miseris
218 1675 271 1707 diu
330 1679 487 1717 noctuque

40 1719 211 1758 ferendam,
248 1723 316 1751 tum
351 1719 384 1751 in
419 1720 486 1761 ipso

40 1764 149 1796 morbo
164 1763 336 1803 tolerando,
354 1764 406 1806 qui
422 1774 486 1796 om-

41 1818 94 1840 nes
108 1807 225 1850 collegii
239 1808 484 1850 Methymnensis

41 1852 216 1885 sacerdotes
242 1853 317 1894 (uno
343 1853 484 1895 dempto)

41 1896 158 1929 afflixit
185 1900 218 1929 et
245 1907 342 1929 unum
371 1908 409 1929 ex
436 1897 483 1937 iis,

40 1941 173 1973 alterum
186 1952 224 1973 ex
235 1941 483 1974 Santanderiano

40 1985 166 2028 collegio
188 1986 328 2027 peremit.

21 2252 99 2284 1730
120 2255 152 2284 et
172 2252 316 2294 deinceps
337 2252 485 2285 laudatur

39 2296 251 2329 missionarius
279 2298 399 2328 Gabriel
428 2299 485 2328 ca-

40 2349 90 2372 sas
112 2340 196 2382 (cum
219 2341 301 2373 socio
325 2341 484 2374 Bernardo

42 2385 123 2426 Rio)‚
145 2385 197 2426 qui
216 2385 411 2426 perlustratis
432 2396 485 2428 op-

42 2429 134 2471 pidis,
143 2429 333 2472 Vallisoleto‚
345 2430 485 2473 Zamora‚

40 2473 195 2513 Palantia,
243 2474 340 2516 Regia
384 2475 484 2514 Nava,

40 2518 156 2550 Alaesos
188 2522 221 2550 et
252 2518 320 2550 aliis
352 2519 486 2561 denique

40 2562 73 2594 in
83 2562 340 2595 Estremaduram
350 2573 488 2605 progres-

41 2617 93 2639 sus
114 2616 208 2648 opera
227 2607 398 2649 apostolico
418 2608 485 2640 viro

41 2651 136 2693 digna
160 2651 288 2693 peregit.
346 2652 396 2684 Ab
423 2652 486 2694 epi-

42 2705 134 2737 scopo
145 2695 372 2738 Portalegrensi
382 2696 415 2728 in
426 2697 486 2728 Lu-

42 2739 188 2772 sitaniam
206 2744 337 2772 vocatus
353 2741 386 2773 in
404 2741 486 2782 capi-

42 2787 73 2816 te
95 2784 235 2816 dioecesis
257 2795 331 2817 vera
352 2784 409 2817 zeli
430 2786 486 2817 mi-

41 2828 148 2860 racula
157 2829 308 2870 patravit.
341 2829 384 2861 Et
395 2839 486 2871 aeger-

41 2872 119 2905 rime
130 2876 256 2905 tantum
267 2873 300 2905 in
312 2884 400 2905 suam
412 2874 487 2906 Pro-

42 2916 178 2949 vinciam
199 2917 298 2950 redire
319 2918 486 2960 permissus

43 2964 99 2994 est.

230 3094 288 3126 294

523 431 978 473 1725Epr.Landsperqensi
1010 431 1087 463 1723
1099 431 1249 472 Tempore
1261 430 1461 462 Pentecostes
1495 430 1581 461 1724.
1603 430 1650 462 12.
1671 430 1742 462 Jan.
1763 429 1911 462 Edictum
1932 430 2024 472 Regis
2044 430 2117 462 Per-

1029 476 1048 507 3
1079 485 1095 507 e
1126 476 1157 507 0.
1189 474 1351 507 Grosnensi
1380 474 1462 506 Socii
1514 474 1566 506 siae
1579 475 1772 516 supprimens
1785 474 1962 516 religionem
1976 475 2117 506 christia-

543 480 669 518 tyrones
681 477 721 508 ad
731 476 867 518 plurium
878 487 976 509 sacer-

543 521 654 553 dotum
673 525 705 553 et
722 521 853 553 aliorurn
871 531 976 563 preces

543 565 644 598 denuo
678 566 863 607 inceperunt
902 569 976 598 cate-

543 610 638 642 cheses
654 611 719 642 a3O
728 610 793 651 jam
806 610 895 642 annis
911 620 976 642 sus-

542 664 663 696 pensas,
698 654 731 686 in
763 655 802 686 24
827 654 929 696 pagis3
957 665 976 686 a

543 699 754 731 sacerdotibus
783 699 877 731 obitae
902 703 976 731 sunt

543 744 580 775 17
600 743 770 776 missiones

523 966 600 998 1728
616 965 831 997 Ratisbonense
844 975 975 1007 gymna-

542 1010 621 1042 sium
649 1009 803 1042 scholares
831 1013 976 1041 numerat

541 1064 635 1096 supra
655 1055 722 1086 500.
768 1054 803 1085 In
825 1055 856 1086 C.
878 1054 974 1086 etiam

540 1099 745 1140 philosophia,
757 1098 806 1140 jus
817 1098 975 1140 pontifici-

540 1154 603 1181 um,
616 1143 843 1181 controversiae,
855 1143 973 1175 theolo-

538 1188 590 1229 gia
615 1187 740 1220 moralis
768 1187 972 1229 explicantur.

538 1233 578 1264 38
593 1232 633 1264 ad
649 1242 750 1264 sacros
767 1232 889 1264 ordines
904 1242 973 1273 pro-

539 1277 618 1309 moti
630 1280 713 1308 sunt.
728 1296 765 1299 —
777 1276 866 1309 Obiit
877 1276 973 1308 Fran-

539 1321 637 1353 ciscus
690 1321 872 1353 monasterii
924 1321 949 1352 F
951 1322 973 1353 i-

539 1366 728 1408 schingensis
741 1366 774 1397 in
788 1366 922 1408 Turgoia
935 1385 973 1388 —

539 1410 574 1443 Ο.
596 1410 626 1442 S.
650 1410 685 1442 Β.
707 1410 815 1449 abbas,
836 1410 866 1443 S.
889 1411 919 1443 J.
942 1414 973 1442 et

539 1455 700 1496 speciatim
711 1456 742 1487 C.
754 1455 972 1487 Constantien-

540 1500 580 1531 sis
599 1499 788 1532 benefactor.

563 1972 605 1997 Pr.
622 1971 834 2002 Flandrobelgiea
851 1972 926 1997 1731.

561 2025 625 2055 Dpr.
642 2022 854 2058 Antverpiensis;

561 2068 588 2094 C.
617 2067 824 2099 Aldenardense‚
853 2067 956 2094 Alosta-

528 2111 601 2134 num,
640 2104 779 2138 Antverp.,
819 2103 957 2130 convictus

528 2139 724 2173 Antverpiens.,
773 2139 957 2171 Belliolanum,

529 2174 659 2209 Bergense
690 2175 715 2201 S.
748 2175 859 2206 Winoci,
891 2175 958 2201 Bru-

528 2218 615 2244 gense,
654 2210 833 2243 Bruxeuense,
872 2210 958 2237 Casle-

528 2248 595 2278 tan.,
618 2246 814 2278 Cortracenum,
837 2246 958 2273 Dunker-

530 2289 634 2313 canum.
655 2282 803 2313 Gandense,
824 2281 958 2313 Hallense,

531 2317 647 2357 Iprense,
688 2317 833 2352 Lyranum‚
874 2318 959 2344 Lova-

529 2361 628 2384 mense,
643 2353 829 2381 Mechliniense
845 2355 872 2380 et
884 2354 958 2386 pr„

531 2388 776 2421 Ruremondanum,
791 2389 960 2423 Trajectense

530 2425 565 2451 ad
585 2425 699 2456 Mosam:

564 2470 597 2496 R.
614 2469 785 2504 Tungrensis;

564 2515 601 2540 Μ.
618 2513 786 2540 Hollandica.

614 2562 672 2589 Sao.
741 2563 790 2589 272

614 2597 700 2624 Schol.
741 2598 791 2624 138

615 2633 695 2661 Coad.
741 2634 790 2660 131

809 2562 825 2667 ἑ
842 2598 891 2625 541

714 3095 773 3127 295

1028 529 1208 561 prosperam
1235 519 1365 560 Zarzyni
1390 519 1463 551 mis-

1029 564 1146 596 sionem
1156 563 1305 602 fecerunt,
1318 563 1358 595 ad
1369 573 1463 605 quam

1027 608 1110 640 inter
1127 608 1202 640 alios
1221 608 1317 640 etiam
1334 607 1462 649 parochi

1028 653 1047 684 4
1066 652 1156 694 graeci
1175 652 1254 684 ritus
1275 662 1345 684 cum
1364 651 1462 693 gregi-

1028 697 1085 728 bus
1132 697 1194 728 suis
1242 696 1460 728 accurrebant:

1029 741 1205 773 communio
1229 740 1298 782 plus
1324 750 1418 782 quam
1443 741 1461 772 3

1026 785 1163 817 millibus
1182 785 1352 817 distributa
1370 785 1439 817 fuit.

1009 919 1087 950 1724
1100 919 1136 950 In
1150 918 1280 950 Polom'a
1294 918 1461 957 „balneum

1027 963 1231 1005 sanguineum
1262 963 1461 995 Torunense“

1029 1008 1113 1049 quod
1139 1007 1263 1039 dicitur.
1312 1008 1394 1039 Nam
1422 1008 1461 1040 ob

1028 1052 1239 1084 turbationem
1314 1052 1461 1094 processi—

1028 1097 1094 1128 onis
1114 1100 1146 1128 et
1165 1096 1409 1128 destructionem
1430 1099 1461 1130 C.

1027 1141 1056 1173 S.
1081 1141 1110 1173 J.
1135 1141 1242 1173 consul
1264 1145 1296 1173 et
1318 1142 1356 1173 10
1378 1141 1460 1174 cives

1027 1189 1127 1217 morte
1146 1186 1250 1227 puniti
1271 1189 1353 1217 sunt.

1007 1320 1203 1351 1724-1766
1224 1319 1373 1350 Infaustae
1389 1319 1459 1351 lites

1026 1364 1179 1396 sociorum
1211 1363 1459 1405 Leopoliensium

1026 1418 1096 1440 cum
1113 1408 1255 1440 Piaristis
1272 1408 1311 1440 ob
1329 1408 1459 1447 scholas,

1025 1463 1095 1484 cum
1121 1452 1292 1484 Academia
1317 1453 1459 1484 Cracovi-

1026 1497 1091 1529 ensi
1108 1497 1147 1529 ob
1165 1507 1279 1529 novam
1297 1497 1459 1529 Academi-

1025 1552 1075 1573 am
1113 1552 1132 1573 a
1167 1542 1296 1574 Jesuitis
1332 1542 1459 1583 Leopoli

1025 1590 1172 1618 erectam.

1006 1676 1082 1707 1725
1096 1676 1125 1707 S.
1143 1675 1317 1707 Thaddaeus
1333 1679 1459 1716 aposto-

1023 1720 1070 1751 lus
1082 1720 1113 1751 in
1126 1719 1291 1752 tutelarem
1304 1722 1335 1752 C.
1349 1720 1458 1752 Fossa-

1023 1764 1145 1840 ἷζζιῗέϊ
1158 1764 1334 1806 (Lithuan.)
1358 1764 1458 1796 adlec-

1005 1942 1082 1974 1726
1115 1942 1164 1973 Ad
1199 1942 1350 1983 templum
1384 1944 1456 1980 Dpr.

1023 1986 1229 2018 Cracovie‘nsis
1242 1997 1297 2028 pro
1308 1987 1458 2019 lucranda

1023 2031 1148 2063 Jubilaei
1172 2031 1368 2073 indulgentia
1387 2042 1457 2064 con-

1022 2075 1144 2107 fluebat
1170 2079 1262 2108 tanta
1287 2076 1456 2108 multitudo

1022 2120 1185 2152 hominum
1217 2120 1312 2152 etiam
1345 2131 1361 2152 e
1392 2120 1457 2152 lon-

1021 2164 1154 2207 gissimis
1194 2165 1380 2206 regionibus,
1422 2169 1458 2197 ut

1023 2209 1197 2241 sacerdotes
1205 2209 1299 2241 etiam
1308 2209 1339 2241 in
1348 2219 1458 2242 coeme-

1025 2253 1101 2285 terio
1124 2253 1230 2286 audire
1252 2254 1458 2286 confessiones

1025 2302 1217 2340 cogerentur,
1251 2298 1345 2340 idque
1379 2309 1397 2330 a
1429 2300 1456 2331 4.

1024 2342 1101 2374 hora
1133 2343 1293 2374 matutina
1325 2343 1366 2375 ad
1399 2344 1458 2381 12.,

1025 2390 1058 2419 et
1077 2390 1150 2428 post
1171 2387 1338 2428 prandium
1361 2398 1458 2429 usque

1025 2431 1065 2463 ad
1091 2432 1130 2470 9.‚
1159 2435 1191 2464 et
1218 2432 1343 2473 quidem
1370 2442 1425 2474 per
1441 2433 1459 2464 4

1024 2486 1155 2508 menses.

1006 2654 1082 2685 1727
1103 2653 1131 2685 Ε
1150 2653 1330 2686 Lutherano
1351 2654 1391 2686 fit
1411 2664 1460 2686 ca—

1025 2697 1158 2730 tholicus
1187 2698 1355 2730 Casimirus
1385 2698 1459 2730 Puc-

1024 2742 1134 2781 lcamer,
1155 2742 1275 2775 militiae
1294 2742 1460 2775 Lithuanae

1025 2796 1164 2819 summus
1191 2786 1266 2825 dux,
1294 2790 1367 2828 post
1393 2787 1459 2819 adi-

1025 2834 1093 2863 tum
1114 2841 1130 2863 e
1150 2831 1332 2863 curiositate
1359 2831 1459 2873 sepul-

1024 2885 1111 2907 crum
1128 2875 1165 2908 V.
1183 2875 1316 2908 Andreae
1333 2875 1460 2908 Bobolae

1024 2919 1163 2961 (Pinsci).

1201 3096 1260 3128 296

1514 528 1597 551 llam.

1495 696 1581 728 1727.
1604 697 1649 728 12.
1671 696 1745 737 Apr.
1766 696 1785 738 †
1805 696 1886 728 Cairi
1905 697 2048 728 Claudius
2071 698 2118 728 Si-

1515 742 1624 772 cardus
1660 744 1747 782 peste
1783 741 1906 773 infectis
1943 741 2116 779 serviendo,

1514 789 1586 826 post
1598 786 1637 816 20
1649 795 1747 817 annos
1758 785 1911 817 missionis
1923 785 1956 817 in
1968 785 2116 827 AEgypto.

1664 1479 1706 1504 Pr.
1723 1479 1849 1505 Chllensls
1866 1479 1942 1505 1⁷29.

1542 1532 1569 1557 c.
1577 1539 1648 1557 max.
1658 1531 1675 1558 J
1677 1530 1910 1566 aoobopolitanum
1919 1531 2092 1563 S.Michaelis‚

1508 1567 1576 1598 pr.
1589 1567 1607 1593 J
1609 1566 1719 1601 acobop.

1541 1611 1569 1637 0.
1579 1611 1605 1637 S.
1618 1611 1660 1638 Fr.
1672 1610 1783 1645 Borgiae,
1793 1611 1810 1637 J
1813 1610 1950 1645 acobopol.
1961 1611 1994 1638 D.
2006 1611 2091 1643 Pauli,

1507 1646 1699 1673 convictorium
1723 1646 1912 1681 Jacobopolit„
1937 1647 2091 1682 Conceptio-

1506 1682 1701 1717 nopolitanum,
1726 1682 1918 1709 convictui-ium
1936 1682 1982 1714 ib..
2006 1683 2090 1710 Buca-

1507 1718 1674 1749 lemitanurn,
1697 1717 1899 1749 Mendosanum,
1931 1718 2091 1752 Coquimba-

1507 1762 1580 1784 num.
1598 1754 1667 1780 inch.
1686 1756 1714 1780 et
1730 1754 1819 1780 missio
1837 1754 1917 1780 Bonae
1935 1754 2005 1789 Spei,
2022 1754 2091 1781 Chil-

1507 1790 1614 1816 lanense
1629 1789 1809 1821 seminarium,
1824 1789 1894 1817 inch.
1911 1792 1938 1816 et
1953 1790 2042 1816 missio
2059 1790 2091 1816 de

1508 1825 1606 1857 Chiloe.
1634 1825 1829 1859 Quillotenurnz

1542 1871 1574 1896 R.
1583 1870 1607 1896 S.
1618 1870 1635 1896 J
1637 1869 1738 1901 oannis.
1748 1885 1780 1889 -
1789 1872 1816 1896 et
1824 1869 1913 1896 missio
1922 1869 2090 1901 andiviana,

1509 1905 1604 1932 Portus
1623 1905 1826 1940 Valparisensis;

1542 1951 1579 1976 M.
1594 1950 1734 1981 Mochana,
1750 1952 1778 1976 et
1792 1950 1944 1981 Araucana;

1641 1994 1698 2021 Sac.
1804 1994 1851 2020 117

1641 2029 1727 2056 Schol.
1820 2030 1853 2056 43
1872 1994 1887 2099 ἑ
1905 2030 1955 2056 213

1642 2066 1722 2093 Coad.
1820 2066 1853 2092 53

1493 2653 1689 2686 1731—1732
1710 2653 1746 2685 In
1764 2653 1906 2685 American
1922 2653 2116 2685 meridionali

1511 2698 1664 2739 indigenae
1690 2697 1850 2730 christiani
1877 2697 2034 2740 adjuvant
2060 2697 2116 2729 Hi-

1512 2752 1625 2784 spanos
1644 2742 1677 2774 in
1697 2742 1920 2784 supprimenda
1938 2742 2114 2775 rebellione.

1766 3097 1825 3129 297
