2372 3550
1210 255 1373 291 Praepositi
1393 255 1424 285 et
1444 255 1699 292 congregationes

1373 299 1535 330 Generales

814 259 932 289 summi
952 257 1128 292 Pontifices,

800 303 927 334 Litterae
948 301 1137 339 Apostolicae

1910 281 2010 317 Italia,
2030 281 2129 311 Gallia

277 284 414 314 Historia
434 283 691 320 contemporanea
756 249 770 357 l

208 412 294 445 1584.
315 412 362 444 10.
381 410 443 443 Jul.
466 409 636 443 Gulielmus
653 409 752 442 Arau-

228 456 308 489 Sious
329 455 489 488 occiditur.
1211 456 1350 483 progressu
1366 448 1516 476 Societatis.

783 542 835 583 23)
853 540 939 573 1585.
954 540 1001 572 28.
1015 539 1087 572 Jan.
1107 540 1158 572 Ex
1519 574 1524 580 ⁸

804 584 949 627 pastoral&
970 584 1090 624 officio:
1113 589 1160 615 Ja-
1190 573 1276 606 1583.
1296 573 1343 605 29.
1355 573 1441 614 Sept.
1459 574 1573 615 Eptst..·
1592 578 1633 606 De
1648 587 1723 606 reno-

809 629 891 665 ponia
921 627 984 656 solis
1017 628 1159 656 Societatis
1211 617 1320 644 V³ffi⁰¹¹e
1335 616 1454 652 spiritus·

806 664 978 692 missionariis
1012 664 1158 692 excolenda

806 702 967 732 reservatur,
988 700 1112 727 omnibus
1130 710 1157 729 a·

806 737 848 764 liis
869 737 1051 765 sacerdotibus
1069 738 1157 765 exclu-
1189 743 1276 775 1583,

807 781 850 800 ⁸¹⁵·
1210 786 1292 814 tionis
1306 794 1385 819 anno,
1401 787 1444 814 cui
1459 795 1549 815 omnes
1562 790 1624 823 post
1632 789 1722 816 studia

1211 831 1307 849 vacare
1324 822 1430 851 debent.

786 853 873 886 1585.
890 854 937 886 10.
954 854 1029 895 Apr.
1048 853 1068 895 †
1084 854 1157 886 Gre-

804 898 907 940 gorius
927 898 1022 931 XIII.

1191 992 1269 1024 1584
1302 993 1505 1035 Congregatio
1539 994 1558 1025 6
1590 994 1722 1027 Patrum

1210 1037 1297 1079 jussu
1319 1037 1483 1079 Praepositi
1504 1038 1662 1071 Generalis
1685 1040 1722 1072 de

1210 1081 1331 1114 ratione
1358 1082 1532 1114 studiorum
1559 1083 1721 1116 instituta:

1211 1126 1370 1159 confectus
1406 1126 1521 1168 duplex
1556 1131 1720 1168 tractatus,

1211 1181 1291 1203 unus
1303 1171 1341 1203 de
1347 1171 1543 1213 opinionibus
1550 1172 1721 1214 seligendis,

1211 1215 1290 1248 alter
1319 1216 1357 1248 de
1387 1216 1561 1248 scholarum
1592 1217 1722 1250 admini-

1211 1260 1371 1293 stratione.

210 1034 287 1067 1585
315 1034 431 1067 Foedus
459 1034 676 1075 Dynastarum
705 1044 754 1066 ea-

228 1079 415 1112 thoh'corum
442 1078 565 1121 (Ligue)
591 1079 624 1111 in
652 1078 755 1111 Gallia
786 1079 944 1110 1585—90
984 1079 1086 1109 Sixtus
1122 1079 1158 1109 V.

228 1124 341 1156 initum
373 1123 414 1156 ad
442 1123 527 1166 regni
546 1123 617 1165 jura
636 1123 754 1155 tuenda
804 1122 894 1154 initio
905 1122 981 1154 satis
990 1122 1096 1154 fautor
1105 1122 1158 1154 So-

231 1172 263 1201 et
288 1168 548 1210 propugnandam
563 1167 750 1210 religionem.
806 1166 913 1199 cietati
932 1166 1031 1199 tradit
1049 1166 1158 1208 guber-

805 1211 892 1243 nium
925 1212 957 1243 C.
989 1211 1159 1243 Maronita-

746 1295 749 1297 μ
804 1266 874 1287 rum
893 1259 925 1288 et
942 1255 1085 1288 concedit
1102 1256 1158 1288 Ju-

804 1299 939 1333 bilaeum.

785 1389 871 1422 1585.
889 1390 917 1422 1.
933 1389 1009 1432 Maj.
1026 1389 1159 1422 eoelestis

806 1434 921 1466 Patris:
932 1434 1029 1466 studii
1037 1444 1163 1477 genera-

804 1479 842 1511 lis
861 1479 1057 1511 Universitas
1078 1479 1111 1511 in
1127 1480 1159 1512 G·
1192 1484 1278 1516 1586.
1298 1484 1344 1516 19.
1356 1484 1428 1516 Mai.
1446 1483 1559 1525 Epist:
1582 1489 1622 1515 De
1634 1490 1723 1517 studio

805 1524 835 1556 S.
863 1524 893 1556 J.
921 1523 1076 1556 Graessensi
1101 1523 1159 1556 sub
1214 1528 1383 1563 perfectionis
1403 1530 1431 1555 et
1451 1528 1563 1555 caritate
1583 1528 1709 1557 fraterna.

805 1568 994 1601 auctoritate
1009 1578 1065 1610 pro
1081 1571 1159 1600 tem-

804 1623 879 1655 pore
906 1613 1069 1645 existentis
1095 1623 1158 1645 rec-

805 1657 881 1690 toris
901 1657 1087 1690 instituitur.

1192 1876 1269 1908 1586
1285 1875 1422 1908 Libellus
1439 1876 1477 1909 de
1492 1876 1608 1909 ratione
1622 1877 1734 1910 studio—

214 1924 522 2002 {ogg2ffigismundus
549 1925 608 1957 III.
636 1925 753 1957 1587—

1210 1931 1288 1959 rum,
1323 1924 1361 1953 ut
1394 1921 1522 1963 singulae
1555 1922 1723 1963 provinciae

1210 1965 1362 2007 judicium
1379 1965 1418 1997 de
1435 1975 1470 1998 eo
1487 1966 1721 2008 perscriberent.

787 2503 873 2535 1587.
887 2503 916 2536 5.
931 2503 1003 2536 Jan.
1017 2503 1159 2544 Superata
1191 2503 1278 2536 1587.
1299 2504 1346 2536 28.
1366 2504 1458 2537 Mart.
1477 2504 1643 2546 Epist.:De
1664 2509 1721 2544 qui-

806 2547 1018 2588 dispositioyae:
1043 2552 1159 2579 facultas
1212 2547 1326 2574 busdam
1338 2547 1432 2575 mediis
1447 2548 1482 2575 ad
1495 2549 1720 2576 conservationem

808 2591 925 2627 erigendi
937 2592 1159 2627 Congregaffioneg
1212 2583 1354 2611 Societatis
1376 2583 1544 2612 facientibus.

215 2636 301 2668 1587.
328 2636 375 2668 18.
401 2635 476 2668 Feb.
501 2636 601 2668 Maria
625 2636 756 2669 stuarta
808 2635 837 2653 1¹1
855 2629 883 2655 ⁰·
904 2629 932 2668 ὑῒ
959 2627 1091 2669 pumariae
1113 2636 1158 2663 ag·

234 2679 337 2722 capite
356 2679 513 2722 plectitur.
804 2663 1159 2732 {ffffssa‘nffinfflssfflffiuff

809 2734 891 2761 etiam
904 2734 933 2761 in
945 2735 988 2767 D„
999 2734 1145 2770 erigendas.

786 2859 833 2890 29.
866 2858 952 2900 Sept.
986 2859 1158 2892 Romanum

806 2902 883 2935 decet
902 2903 1094 2944 Pontificem:
1114 2916 1157 2935 ea-

807 2946 868 3009 21311
886 2947 1003 2978 facultas
1018 2948 1158 2976 confirma-

469 3079 509 3111 90
950 3079 988 3111 91
1018 3129 1021 3132 ,
1432 3080 1470 3112 92

1189 404 1275 436 1581.
1300 404 1347 436 28.
1364 403 1438 436 Jun.
1461 405 1574 445 Epist:
1598 410 1638 436 De
1654 410 1724 437 felici
1754 407 1831 438 1584
1871 407 1891 449 †
1930 407 1997 440 Car.
2039 408 2224 441 Borromeus
2263 409 2296 441 in

1773 451 1906 484 brachiis
1920 452 2078 484 Francisci
2091 452 2211 485 Adorni
2225 464 2296 486 con-

1772 496 1891 528 fessarii
1911 500 1984 538 post
2004 496 2148 529 ultimam
2169 498 2294 531 missam

1772 540 1806 572 in
1827 542 1866 573 D.
1888 541 1917 573 S.
1942 541 1972 573 J.
1995 541 2107 574 Aronae
2128 542 2254 575 dictam.

1295 742 1375 775 NOV.
1392 742 1506 784 Epist..·
1524 747 1565 774 De
1585 748 1609 775 3.
1627 749 1722 783 proba·
1755 762 1832 795 1584
1853 765 1884 795 c·
1906 764 2123 796 Mantuanum.

1756 1030 1842 1062 1585.
1873 1030 1920 1063 13.
1951 1030 2039 1063 Febr.
2072 1031 2092 1072 †
2120 1033 2296 1069 Alphonsus

1779 1077 1936 1106 Salmcron
1956 1075 2096 1117 Neapoli.
2117 1095 2156 1099 —
2175 1076 2296 1108 Eodem

1775 1130 1857 1151 anno
1897 1120 1944 1152 25.
1986 1120 2066 1152 Nov.
2108 1120 2296 1153 Societatem

1773 1164 1928 1206 ingressus
1939 1168 1985 1197 est
1994 1164 2141 1206 Aloysz'us
2149 1165 2296 1211 (Zona-uqa.

1755 1342 1832 1375 1585
1867 1343 2041 1375 Discidium
2078 1347 2181 1375 ortum
2216 1344 2299 1375 inter

1775 1387 1945 1419 Hernicum
1976 1387 2035 1420 III.
2068 1391 2101 1420 et
2129 1387 2298 1420 foederatos

1775 1432 1943 1464 catholicos
1979 1432 2012 1464 in
2048 1442 2194 1474 magnam
2231 1442 2299 1474 per-

1775 1476 1959 1518 plexitatem
1972 1480 2005 1508 et
2023 1477 2144 1518 maJ'ora
2162 1477 2299 1518 pericula

1777 1521 1912 1563 conjecit
1947 1521 2085 1553 Jesuitas
2120 1521 2154 1553 in
2184 1521 2295 1561 Gallia,

1775 1576 1845 1598 cum
1885 1565 2038 1607 quidquid
2075 1566 2218 1607 egissent,
2258 1566 2297 1598 ab

1775 1610 1926 1643 alterutra
1948 1613 2038 1652 parte
2060 1610 2183 1643 sinistre
2205 1611 2299 1643 inter-

1774 1655 1962 1697 pretandum
1984 1655 2151 1687 videretur.

1777 1707 1906 1734 Claudius
1924 1707 2031 1742 quidem
2049 1707 2198 1740 Matthoeus,
2217 1716 2300 1742 quum

1778 1743 1915 1770 occasione
1937 1743 2151 1778 Congregationis
2173 1743 2300 1771 Procura-

1777 1781 1868 1806 torum
1886 1778 1914 1805 in
1933 1779 2005 1805 Urbe
2025 1780 2183 1811 versaretur,
2203 1779 2300 1814 Grego-

1777 1815 1847 1842 rium
1866 1814 1946 1841 XIII.
1967 1814 2035 1841 clam
2055 1814 2132 1847 adiit,
2151 1816 2183 1842 ut
2201 1815 2226 1842 ei
2243 1823 2300 1842 rem

1777 1850 1969 1877 foederatorum
2013 1850 2220 1883 commendaret,
2271 1850 2301 1877 id

1779 1886 1851 1921 quod
1878 1894 1967 1921 regem
1993 1885 2196 1913 infestissimum
2223 1886 2300 1913 nobis

1778 1921 1903 1949 reddidit.
1934 1922 1972 1948 At
1986 1930 2046 1948 cum
2059 1922 2204 1949 Matthaeus
2217 1922 2300 1949 inscio

1779 1957 1909 1989 Generali,
1926 1957 2024 1984 iterum
2043 1957 2157 1984 Romam
2175 1957 2300 1989 venisset,

1778 1993 1929 2028 Aquaviva,
1949 1993 2025 2020 Sixto
2045 1993 2076 2020 V.
2097 1993 2130 2020 de
2148 2001 2176 2020 re
2195 1993 2299 2025 edocto,

1777 2030 1937 2056 Matthaeum
1956 2029 2047 2055 Romae
2064 2029 2198 2064 tantisper
2213 2030 2300 2056 reten-

1778 2067 1837 2092 tum
1862 2065 1931 2091 1586
1965 2064 2111 2091 Lauretum
2136 2064 2218 2097 misit,
2253 2064 2301 2091 ubi

1777 2100 1820 2127 vir
1842 2100 1996 2135 ceteroquin
2019 2100 2144 2127 obediens
2168 2100 2301 2127 consuetis

1777 2136 1931 2163 muneribus
1941 2136 2082 2163 Societatis
2093 2136 2209 2163 vaeavit.
2229 2136 2258 2162 H
2259 2144 2300 2162 en-

1776 2172 1847 2199 n'cus
1862 2180 1925 2199 vero
1940 2171 2083 2204 Samm'us,
2100 2171 2147 2206 qui
2162 2172 2197 2198 ad
2213 2171 2299 2199 diver-

1777 2216 1820 2235 sos
1837 2207 1968 2271 pit-lingipes
1985 2207 2153 2270 discurreret,
2170 2207 2299 2235 Leodium

1778 2251 1858 2271 aman
1878 2252 1894 2270 a
1908 2251 1939 2270 us
1956 2251 2046 2278 qurew
2062 2264 2068 2270 .

1993 3080 2032 3112 93
