2372 3550
87 314 246 351 Hispania,
267 312 426 343 Lusitania

573 312 747 348 Germania,
768 312 908 348 Belgium

1092 312 1214 349 Augila,
1235 312 1363 343 Poionia
1452 278 1471 386 j
1641 311 1801 341 missiones
1821 312 1939 342 exterae

21 441 98 473 1733
122 441 199 473 Cum
223 443 296 478 Dpr.
323 440 483 481 Ulyssipo-

44 485 147 517 nensis
157 485 285 517 summis
301 484 344 516 rei
370 484 483 516 famili-

40 530 100 562 aris
113 532 304 571 premeretur
318 528 481 570 angustiis,

40 585 77 606 ex
104 574 267 615 inopinato
295 573 416 614 accepit
442 572 483 604 le-

38 622 147 660 gatum
163 618 242 649 3000
259 617 481 655 cruciatorum;

38 663 164 703 insuper
206 666 319 703 praeter
360 671 482 693 omnem

39 706 288 748 expectationem
361 715 484 737 summa

41 751 182 792 quaedam
209 761 315 782 annua
339 750 423 792 regia
448 749 482 781 li-

39 795 204 827 beralitate
234 795 395 836 promissa,
429 794 483 826 sed

39 840 122 880 (cum
135 839 273 880 diploma
283 839 401 880 regium
412 848 482 880 pro-

39 884 190 915 curatoris
217 883 250 915 in
279 884 364 915 curia
392 883 482 915 amis-

38 938 107 960 sum
123 928 216 969 esset)
234 928 351 959 frustra
368 928 481 959 identi-

39 972 109 1004 dem
141 972 284 1014 repetita,
318 972 481 1004 subitaneo

38 1016 165 1058 pietatis
201 1027 292 1048 sensu
328 1020 360 1048 et
394 1016 482 1057 jussu

39 1061 120 1103 regio
139 1061 253 1093 iterum
271 1060 361 1102 plene
380 1060 483 1092 soluta

39 1109 95 1138 est.

18 1283 214 1314 1734—1743
243 1282 280 1314 In
307 1282 383 1314 urbe
413 1282 481 1314 Vie-

37 1327 123 1366 toria,
149 1336 210 1368 quo
234 1327 283 1359 Jo.
308 1327 418 1359 Franc.
443 1327 481 1358 de

36 1371 199 1413 Maurique
216 1375 248 1403 et
261 1370 377 1410 Arana,
393 1371 481 1403 Pole-

37 1415 181 1448 marchus
220 1415 364 1448 catholici
402 1415 480 1457 regis

38 1460 240 1499 exercituum,
268 1461 286 1492 2
313 1460 374 1492 ΡΡ.
403 1460 481 1492 acci-

37 1508 136 1543 verat,
150 1508 186 1536 ut
196 1504 350 1546 paulatim
362 1506 393 1537 C.
405 1514 481 1546 pree-

37 1553 193 1590 pararent‚
243 1549 340 1581 clerus
388 1559 481 1581 saecu-

37 1593 109 1625 laris
132 1597 164 1626 et
184 1593 341 1635 regularis,
364 1594 427 1625 imo
450 1597 482 1625 et

38 1638 209 1679 episcopus,
227 1638 280 1680 qui
295 1642 401 1670 tamen
417 1648 481 1670 am-

36 1682 191 1723 plissimas
217 1682 383 1715 facultates
410 1692 481 1714 con-

38 1730 180 1765 cesserat,
200 1730 266 1759 tam
284 1731 409 1759 strenue
427 1727 481 1758 ob-

38 1770 196 1810 stiterunt,
213 1775 250 1803 ut
264 1775 337 1813 post
350 1771 370 1803 9
385 1781 481 1803 anno-

37 1825 106 1847 rum
140 1825 264 1848 cursum
298 1815 416 1848 infecta
449 1825 482 1847 re

38 1859 123 1892 abire
143 1864 333 1902 cogerentur.

20 2171 216 2203 1737—1740
253 2171 289 2203 In
324 2171 483 2212 Hispania

39 2215 159 2248 sodales
179 2215 311 2247 Mariani
332 2216 364 2248 in
386 2216 483 2248 omni-

39 2259 97 2292 bus
121 2259 184 2292 fere
207 2261 239 2293 C.
263 2260 375 2292 virtuti
398 2270 483 2292 exer-

40 2303 145 2336 cendae
170 2314 209 2336 ex
234 2304 338 2336 animo
364 2305 483 2337 incum-

40 2348 121 2380 bunt
153 2352 186 2381 et
217 2349 250 2380 in
283 2348 482 2381 sublevandis

39 2396 225 2434 aegrotorum
241 2397 273 2426 et
290 2403 410 2426 carcere
432 2394 483 2426 de-

40 2441 198 2469 tentorum
213 2438 343 2470 miseriis
359 2448 483 2470 versan-

40 2485 100 2514 tur.
138 2481 174 2513 In
189 2481 395 2514 Ambrosiano
412 2492 436 2514 e.
452 2493 481 2524 g.

40 2525 212 2558 Vallisoleti
237 2528 268 2559 C.
294 2527 312 2558 4
338 2530 412 2558 sunt
436 2537 483 2558 so-

39 2570 162 2602 dalitia:
204 2571 232 2603 1.
271 2571 484 2612 grammaticae

39 2614 235 2654 scholarium,
275 2616 303 2647 2.
345 2615 482 2647 virorum

39 2658 96 2690 sub
117 2659 170 2692 SS.
194 2659 355 2691 Trinitatis
376 2659 480 2698 titulo,

38 2703 66 2736 3.
109 2703 249 2744 judicum
291 2707 481 2746 togatorum,

39 2747 207 2779 forensium
234 2748 395 2780 hominum
423 2748 482 2780 sub

39 2791 140 2824 tutela
173 2792 385 2825 Immaculatae
415 2793 483 2824 Vir—

37 2836 127 2877 ginis,
157 2837 185 2869 4.
216 2836 482 2879 philosophorum,

39 2880 262 2923 theologorum,
310 2881 371 2923 juri
398 2881 483 2914 civili

39 2927 72 2956 et
105 2925 252 2957 canonico
286 2926 481 2959 studentium

39 2968 97 3001 sub
114 2973 248 3011 patrono
266 2969 296 3003 S.
315 2970 452 3012 Aloysio.

225 3102 284 3136 302

516 661 593 693 1737
612 660 738 693 Carolus
758 661 967 693 Burchardius

535 705 624 747 (alias
639 705 788 746 Stocken)
802 705 832 737 S.
849 705 878 738 J.
896 705 967 737 mis-

535 750 685 782 sionarius
702 749 900 782 Swerinensis
918 760 967 781 ca-

534 794 685 826 lumniam
706 804 833 836 gravem
855 794 913 826 sibi
935 798 967 826 et

534 838 682 871 Societati
692 839 872 880 impactam,
885 838 969 880 quod

534 883 604 924 plus
635 893 729 924 quam
759 883 842 914 mille
871 883 967 924 impe-

534 928 623 959 riales
658 931 714 959 aut
738 927 966 968 suppressisset,

535 975 591 1004 aut
601 971 755 1004 inutiliter
765 972 976 1012 impendisset,

534 1016 627 1048 diluit
673 1016 812 1048 oratione
859 1020 968 1048 contra

535 1060 723 1092 calumniam
742 1065 774 1092 et
791 1060 911 1092 ratione
930 1060 967 1092 de

534 1105 671 1146 pecuniis
718 1104 798 1137 clare
844 1104 968 1136 reddita

534 1159 637 1181 coram
672 1149 755 1181 omni
787 1159 877 1191 grege
910 1159 965 1181 suo

534 1193 681 1232 masculo,
694 1194 740 1225 ita
750 1197 787 1226 ut
799 1197 966 1236 quantum-

534 1238 580 1270 vis
597 1238 804 1270 calumniator
820 1238 966 1280 tergiver-

534 1287 663 1321 saretur,
676 1282 803 1314 tandem
814 1282 967 1324 palinodi-

534 1337 584 1359 am
595 1331 722 1359 cantare
733 1332 859 1359 coactus
873 1327 923 1359 sit.
935 1346 966 1349 —

533 1372 750 1404 Serenissimus
768 1372 841 1403 Dux
858 1372 966 1404 Sweri-

533 1416 635 1448 nensis
658 1416 851 1448 missionario
875 1426 965 1448 suum

533 1461 672 1492 favorem
703 1470 784 1502 saepe
815 1461 964 1499 ostendit,

534 1509 565 1537 et
592 1515 783 1547 quamquam
809 1515 872 1537 non
898 1510 966 1537 erat

534 1549 714 1588 catholicus,
755 1550 836 1582 festa
875 1554 966 1582 nocte

533 1594 660 1626 Domini
696 1594 859 1626 Nascentis
895 1604 965 1626 cum

535 1642 604 1671 tota
621 1648 717 1680 prope
736 1638 808 1671 aula
826 1639 967 1671 concioni

533 1687 566 1715 et
599 1683 702 1715 officio
734 1683 840 1715 divino
872 1683 967 1715 inter-

534 1737 598 1759 esse
615 1727 724 1760 voluit.

516 2349 592 2381 1737
620 2349 702 2382 Socii
729 2349 821 2382 multi
846 2350 966 2382 Germa-

534 2394 596 2426 niae
611 2394 688 2435 Sup.
706 2394 903 2426 missionibus
919 2405 966 2426 sa-

535 2438 593 2471 cris
613 2449 683 2470 cum
704 2439 841 2470 maximo
861 2439 965 2471 fructu

535 2487 688 2515 vacarunt
705 2483 737 2515 in
754 2483 894 2524 plurimis
912 2493 967 2524 pa-

533 2527 580 2569 gis
607 2532 639 2559 et
665 2528 787 2569 oppidis
816 2527 965 2566 Bavariae,

539 2571 644 2611 Tiroh',
658 2572 786 2611 Sueviae,
801 2572 839 2604 de
854 2572 966 2614 quibus

535 2620 624 2648 extat
640 2616 802 2658 peculiaris
818 2617 936 2649 relatio.

709 3103 769 3137 303

999 1906 1076 1937 1734
1089 1905 1190 1938 Multa
1204 1905 1340 1938 Polom'oe
1353 1906 1451 1938 domi-

1074 467 1117 492 l’r.
1134 467 1283 493 Liihusniae
1301 467 1378 493 1782.

1044 520 1072 545 c.
1111 518 1334 553 Brunsbergense.
1375 518 1441 545 Cau·

1010 561 1100 585 nense,
1122 554 1257 585 Crosense,
1280 554 1442 586 Grodnense,

1011 590 1162 621 Lomseuse,
1191 590 1347 621 Minscense,
1376 590 1442 616 Nes-

1011 625 1132 656 visiense,
1155 625 1371 660 Novogrodense,
1394 626 1442 652 Or-

1010 669 1094 692 sense,
1126 661 1275 692 Pinscense,
1307 661 1440 692 Ploeense,

1012 696 1161 728 Polocense,
1180 696 1360 728 Possaviense,
1381 696 1441 723 Pul-

1011 732 1140 763 toviense‚
1169 731 1340 764 Resseliense,
1368 732 1440 758 Sluc-

1011 775 1096 799 oense,
1138 767 1312 794 Varsaviense
1351 767 1441 801 (simul

1011 803 1094 837 upra),
1102 803 1234 834 Vilnense,
1242 803 1440 835 Academicum,

1011 838 1190 870 Vitebscense‚
1222 839 1406 870 Zodziscense;

1044 884 1117 915 Dpr„
1136 884 1212 915 pr„
1231 884 1315 915 Daph.
1335 883 1440 909 Viinen-

1011 918 1058 950 sis;
1076 920 1160 950 Daph.
1176 918 1323 945 Nesvisien.

1045 964 1078 989 R.
1104 963 1319 997 Bobroyscensis,
1346 963 1441 990 Drohi·

1011 998 1132 1029 cinensis,
1140 998 1351 1033 Duneburgens„
1361 999 1441 1025 Illux·

1011 1036 1084 1065 tana,
1100 1034 1287 1065 Mittaviensis,
1303 1034 1441 1061 Mohilovi-

1011 1069 1088 1101 ensis,
1116 1070 1328 1102 Mseislaviensis,
1357 1070 1441 1097 Sloni-

1010 1105 1108 1132 mensis
1115 1114 1120 1136 ;

1288 1194 1303 1298 }
1321 1229 1371 1256 982

1667 716 1709 743 Pr.
1726 716 1844 742 Brumae
1862 716 1939 743 1⁷8⁵.

1558 769 1585 795 c.
1602 768 1733 794 Bahiense
1751 776 1811 794 cum
1829 768 1845 794 8
1862 769 1896 795 D.
1913 771 1941 795 et
1958 769 1991 795 10
2008 769 2091 804 pagis,

1508 804 1584 836 pr.;
1615 805 1685 830 Sem.
1708 804 1949 835 Bethlehemicum:
1978 806 2006 832 c.
2030 805 2092 831 Flu-

1507 840 1626 866 minense
1641 848 1701 866 eum
1717 840 1731 865 7
1748 839 1871 866 domibus
1891 842 1919 866 et
1933 841 1950 866 4
1965 840 2048 875 pagis,
2064 844 2092 867 et

1507 875 1586 902 Nova
1601 875 1721 906 Colonia;
1737 876 1765 902 c.
1780 875 2014 910 Paulopolitanum
2030 884 2090 903 cum

1508 911 1606 945 praedio
1625 913 1652 937 et
1670 912 1686 937 4
1704 911 1790 945 pagis:
1810 912 1838 938 c.
1857 911 1888 938 D.
1909 911 2044 938 Michaelis
2063 912 2091 938 in

1508 946 1606 981 oppido
1616 946 1775 973 Sanctorum
1781 949 1808 973 et
1815 947 1848 973 D.
1855 947 2089 982 Pamngumensis:

1541 992 1569 1017 0.
1580 991 1695 1025 Spiritus
1707 991 1800 1018 Sancti
1814 1000 1873 1018 cum
1887 993 1902 1018 2
1916 992 2019 1027 praediis
2038 995 2065 1019 et
2075 993 2090 1019 2

1508 1027 1594 1062 pagis;
1610 1028 1637 1053 c.
1647 1027 1789 1054 Olindense
1804 1036 1863 1054 cum
1873 1028 1889 1054 2
1898 1029 1930 1054 D.
1943 1030 1971 1054 et
1979 1028 1994 1054 2
2003 1028 2089 1063 pagis;

1540 1072 1568 1098 G.
1588 1071 1725 1098 Reciiense
1743 1072 1770 1105 (3
1788 1073 1821 1099 D.
1840 1074 1867 1098 et
1885 1073 1900 1098 1
1919 1073 2003 1107 pag.);
2024 1073 2039 1099 2
2058 1073 2090 1099 R.

1507 1106 1542 1132 ad
1563 1108 1590 1134 C.
1611 1107 1636 1134 S.
1659 1107 1770 1134 Antonii
1791 1107 1997 1142 Ulyssiponense
2018 1116 2090 1143 spec—

1506 1144 1596 1169 tantes
1618 1143 1645 1169 in
1666 1145 1755 1169 tractu
1778 1142 1915 1174 Bahiensi;

1044 1151 1081 1177 Μ.
1098 1150 1130 1175 44
1147 1149 1272 1181 diversae3

1093 1193 1151 1220 Suc.
1219 1194 1270 1220 362

1093 1229 1179 1256 Schol.
1219 1230 1268 1256 317

1093 1265 1173 1292 Coad.
1219 1265 1269 1291 303

1803 1195 1853 1221 196

1803 1231 1852 1257 136

1819 1266 1853 1293 86

1640 1194 1698 1221 Sao.

1640 1229 1727 1257 Schol.

1641 1266 1721 1293 Coad.

1871 1195 1886 1300 ᾗ
1905 1231 1952 1257 417

1486 1506 1563 1537 1736
1581 1505 1754 1548 Agentibus
1767 1506 1906 1545 Jesuitis,
1922 1507 1987 1540 Jos.
2001 1508 2108 1540 Simon

1504 1551 1667 1582 Assemani
1699 1555 1736 1582 ut
1766 1550 1887 1592 legatus
1920 1551 2108 1593 apostolicus

1504 1594 1641 1627 celebrat
1665 1595 1829 1627 concilium
1854 1596 2013 1629 nationale
2037 1597 2109 1629 Ma-

1504 1639 1681 1672 veniturum.

1484 1906 1605 1938 Ant-ura
1629 1907 1661 1938 in
1687 1906 1807 1938 Libano
1833 1911 1975 1939 centrum
2001 1918 2109 1940 excur-

1018 1950 1089 1983 cilia
1109 1950 1341 1983 infestabantur
1362 1951 1451 1983 efire-
1504 1951 1626 1983 sionum
1646 1951 1887 1993 apostolicarum
1907 1952 1937 1984 S.
1959 1952 1989 1985 J.

1018 1995 1101 2027 natis
1118 1995 1292 2027 Moscorum
1311 1999 1343 2027 et
1360 1995 1451 2027 Cosa-

1019 2049 1124 2071 corum
1145 2039 1328 2078 incursibus,
1350 2040 1396 2072 ita
1416 2044 1452 2072 ut

1018 2083 1143 2125 plurimi
1163 2084 1237 2116 socii
1257 2084 1382 2117 exulare
1402 2094 1452 2117 co-

1017 2133 1172 2170 gerentur.

1486 2351 1571 2384 1737.
1597 2352 1644 2384 12.
1669 2351 1742 2384 Jan.
1765 2351 1953 2394 Martyrium
1976 2352 2107 2385 Petrum

1505 2394 1622 2428 Barthi·
1659 2395 1794 2435 Alvares,
1826 2396 2040 2429 Emmanuelis
2069 2397 2108 2429 de

1502 2440 1614 2479 Abreu,
1634 2440 1790 2473 Vincentii
1813 2451 1833 2473 a
1849 2440 1969 2480 Gwnha,
1989 2441 2108 2483 Gaspa-

1503 2485 1545 2516 ris
1558 2485 1655 2523 Grata,
1671 2485 1704 2517 in
1719 2485 1873 2518 Tunkino.

1483 2751 1570 2783 1741.
1595 2751 1642 2784 21.
1667 2751 1739 2784 Jan.
1762 2751 1928 2784 Mauhaeus
1949 2751 2106 2784 Amaldus

1502 2795 1686 2838 praepositus
1717 2797 1767 2829 Pr.
1797 2795 1968 2829 Mexicauae
2008 2797 2042 2828 in
2077 2798 2105 2829 1.

1502 2839 1651 2882 Catalogo
1665 2840 1812 2873 triennali
1825 2844 1989 2873 enumerat
2001 2840 2106 2873 Socios

1502 2884 1570 2924 586,
1595 2884 1677 2917 inter
1701 2894 1778 2927 quos
1803 2889 1878 2917 sunt
1901 2885 1970 2919 Sao.
1995 2885 2065 2919 335.

1191 3105 1252 3139 304
1757 3106 1817 3140 305
