2372 3550
93 303 250 340 Hispania,
272 302 430 332 Lusitania
499 268 504 375 Ι
576 301 750 337 Germania,
771 301 911 336 Belqum
969 267 989 374 j
1094 299 1216 335 Angua,
1237 298 1364 328 Polonia
1645 296 1804 326 missiones
1825 296 1942 326 oxterae

26 431 102 462 1561
120 430 233 471 Borgia
248 429 356 461 scribit
371 428 411 460 ad
428 380 506 484 Re]
520 428 596 459 1561
618 427 760 469 Arehiep.
783 428 972 469 Strigonien-
1490 424 1566 455 1561
1601 424 1834 460 christophorus
1867 423 2045 454 Roderieius
2079 426 2111 454 et

44 485 113 517 gem
129 478 161 506 et
175 474 257 515 petit
273 474 416 510 Romam,
434 472 487 503 ubi
540 472 580 503 sis
619 472 757 504 Jesuitas
797 476 891 504 vocat
940 472 972 504 in
1514 469 1543 500 J.
1598 469 1634 500 B.
1689 469 1816 498 Elianus
1871 466 1956 508 apud
2010 466 2110 498 Patri-

45 519 137 560 paulo
156 522 228 560 post
246 517 386 549 Vicarius
405 526 486 548 crea·
540 518 733 553 Hungariam
746 516 800 548 ubi
813 516 973 548 calamita-
1510 512 1636 544 archam
1661 511 1853 553 Cophtorum
1878 510 2053 543 Gabrielem
2078 510 2110 542 in

45 568 105 596 tur.
540 561 624 592 tibus
645 570 708 592 non
730 565 845 593 carent.
1510 556 1585 588 urbe
1613 558 1759 594 Memphi.
1805 555 1904 587 Victis
1932 554 2110 587 doctoribus

1510 601 1664 643 AEgyptiis
1685 610 1704 632 a
1722 600 1812 642 plebe
1830 600 2036 641 impetuntur,
2057 599 2111 631 sed

25 652 156 690 Natalis,
177 651 355 693 designatus
374 650 487 682 Visita-
1510 645 1709 678 nihilominus
1746 654 1817 676 cum
1852 643 2006 686 legatione
2041 643 2111 675 Ale-

46 702 95 728 tor
114 696 278 728 societatis
297 695 330 727 in
350 695 485 736 Europa,
1510 690 1664 722 xandrina
1681 689 1864 721 Tridentum
1881 692 2089 720 revertuntur.

45 741 155 773 visitat
170 740 364 772 Imsdaniam
381 744 413 771 et
429 739 487 770 Hi-

45 785 196 826 spaniam.

27 875 104 906 1562
126 874 211 906 Idem
232 873 391 906 Castellum
411 872 488 904 divi-
522 872 600 904 1562
634 872 755 904 rediens
789 871 972 904 Tridentum

46 919 94 951 dit
115 919 148 950 in
171 920 188 950 2
212 918 406 950 Provincias:
431 917 489 949 Ga·
539 917 651 948 Lainez
661 917 836 957 Antverpioe
847 916 974 948 domum

46 963 202 995 stellanam
222 967 253 995 et
277 963 458 994 Toletanam.
541 966 705 1002 praeparat,
725 971 793 1002 quae
809 961 886 992 1563
902 971 973 1002 ape·
1493 966 1568 997 1561
1598 965 1634 997 Ιῃ
1661 967 1710 998 pr,
1738 966 1838 995 111&ae
1866 965 2021 995 orientalis
2048 964 2113 1000 Jam

541 1005 629 1038 ritur.
659 1025 698 1028 —
727 1005 866 1037 Canisius
897 1006 973 1037 1562
1511 1012 1584 1041 sunt
1604 1011 1641 1042 12
1662 1009 1836 1041 missiones:

543 1050 682 1082 Tridenti
724 1054 760 1082 ut
802 1050 972 1092 theologuS.
1493 1055 1524 1082 C.
1543 1054 1666 1081 Goanum
1675 1054 1700 1080 S.
1712 1053 1788 1080 Pauli
1798 1061 1857 1079 cum
1867 1052 1944 1079 sociis
1954 1051 2111 1086 79(Saoord.

28 1097 104 1129 1563
129 1097 342 1139 Triguerenses
365 1096 398 1127 in
412 1096 490 1128 Bae·
1514 1091 1556 1121 22,
1571 1090 1657 1117 Schol.
1678 1090 1719 1121 29,
1733 1088 1814 1115 Coad.
1835 1088 1891 1122 28);
1913 1088 1974 1114 dein
1994 1088 2113 1118 Bacaim,

44 1142 116 1180 tica,
132 1141 216 1183 apud
231 1151 307 1183 quos
321 1142 352 1173 G.
367 1150 394 1172 a.
409 1140 439 1172 S.
456 1140 485 1172 J,
1514 1126 1627 1157 Damae,
1646 1126 1729 1156 Tana.
1749 1124 1866 1156 Coehim,
1885 1124 1992 1155 Coulao,
2011 1123 2113 1153 Manat,

45 1187 121 1218 1562
144 1190 323 1227 susceptum
344 1185 448 1216 fuerat
471 1194 489 1216 a
522 1184 598 1215 1562
632 1184 771 1215 Primum
807 1184 906 1225 Bezqz‘z·
942 1186 973 1216 c.
1514 1159 2113 1228 ξξῖζῗῗίᾏὲξὸζζξξξῗξζῗῇἝξξοζῧζῖᾒῖἷῖ

45 1232 258 1262 Bustamantio
305 1229 490 1262 excoluntur
542 1229 681 1261 Tornaci.
1515 1233 1658 1260 versi148.

44 1275 326 1317 praedicationibus.

26 1453 217 1494 Hispalensis
223 1453 263 1485 ci,
268 1452 381 1484 florens
389 1456 490 1484 status

45 1502 139 1539 auget
173 1497 336 1530 Societatis
372 1496 486 1528 bonam
521 1496 597 1527 1563
608 1495 685 1528 Otto
697 1496 847 1528 Truchses
858 1495 972 1528 fundat

45 1542 321 1580 existimationem3
367 1551 436 1583 quae
458 1551 487 1572 e·
540 1542 571 1573 C.
594 1540 804 1581 Dilimanum.
828 1560 865 1563 ——

45 1586 122 1618 tiam
135 1586 301 1628 remigibus
315 1586 402 1627 aegris
416 1595 486 1626 ope-

44 1641 111 1663 ram
123 1631 339 1672 impendebat:
353 1630 416 1661 5in
429 1630 487 1661 hoe
1495 1626 1571 1658 1562
1612 1625 1713 1666 prima
1752 1624 1838 1656 sedes
1878 1622 2043 1655 Societatis
2083 1620 2114 1653 in

46 1675 192 1717 obsequio
213 1675 397 1707 moriuntur⁴
519 1673 547 1705 A
584 1674 750 1706 Provincia
798 1675 971 1707 Germaniae
1005 1674 1082 1706 1564
1095 1675 1229 1704 Thomas
1243 1673 1387 1709 Chingius
1401 1681 1454 1702 va·
1509 1670 1610 1703 Chim
1632 1669 1810 1701 Macaensis.

539 1719 710 1760 Superioris
731 1723 893 1761 separatur
906 1719 971 1750 Au·
1022 1717 1169 1750 letudinis
1194 1727 1288 1749 eausa
1311 1715 1456 1758 Angliam

539 1764 614 1795 sm'a
632 1763 689 1796 sub
708 1763 894 1796 Provinciali
913 1763 971 1795 La-
1023 1761 1273 1804 peterejubetur‚
1285 1760 1339 1793 ubi
1349 1765 1462 1793 nutan-

539 1818 631 1850 noyo.
1025 1812 1071 1840 tes
1092 1807 1243 1849 quosdam
1264 1805 1406 1837 firmavit
1425 1805 1457 1837 in

26 1854 112 1886 1563.
136 1855 182 1886 12.
205 1853 277 1886 Jan.
301 1853 400 1885 Breve
422 1852 488 1894 qui·
1024 1852 1086 1884 fide
1106 1855 1138 1883 et
1156 1851 1277 1893 aliquot
1294 1850 1458 1892 primarios

45 1898 125 1937 dem,
139 1899 192 1931 sed
207 1901 350 1930 sanctum
364 1901 396 1929 et
408 1897 488 1929 fruc·
1025 1897 1064 1928 ab
1112 1895 1265 1928 haereticis
1312 1895 1459 1936 deceptos

47 1946 173 1975 tuosum
195 1942 227 1975 in
241 1942 396 1975 Societate
415 1951 486 1973 con·
1024 1940 1244 1973 reconciliavit.
1278 1940 1297 1981 †
1318 1940 1403 1971 1565.

46 1987 138 2019 clusit
147 1987 331 2020 curriculum
341 1987 414 2019 vitae
423 1989 483 2018 An·
522 1987 599 2019 1564
609 1988 797 2018 Universitas
807 1986 974 2028 Dilingana

40 2033 143 2063 tonius
149 2031 491 2073 Matritusfingnloob.)
543 2031 668 2082 nomine
689 2031 854 2064 Societatis
878 2041 898 2063 a
914 2031 971 2063 Ca-

550 2086 628 2108 msro
650 2080 804 2117 suscepta.

30 2291 107 2322 1564
128 2292 269 2340 Ramirez
290 2290 492 2340 coppionaxtur
525 2299 603 2331 1564
613 2298 780 2331 Germania
792 2298 922 2330 inferior
932 2298 977 2330 di·
1010 2298 1087 2330 1564
1123 2297 1176 2329 Fit
1213 2297 1370 2329 vice-1³1.
1401 2296 1460 2328 Po-

48 2334 246 2366 Salmanticae
280 2334 361 2366 fellffl
395 2339 490 2373 emtus
545 2343 663 2375 viditur
684 2343 716 2375 in
740 2345 788 2375 Pr.
798 2342 977 2375 Rhenanam
1029 2343 1118 2374 ltmioe
1140 2341 1210 2383 (sub
1232 2341 1381 2382 Austria).

50 2379 305 2429 unde.p·er1nulti
331 2379 492 2411 studentes
545 2392 577 2420 et
610 2387 780 2420 Germaniae
816 2387 976 2427 Inferioris

50 2423 90 2455 ad
97 2423 253 2465 rehgiosos
264 2423 384 2455 ordines
393 2427 493 2455 trans-
545 2443 598 2465 seu
620 2432 785 2464 Flandrioe,

50 2472 134 2500 eunt.

31 2655 108 2687 1565
139 2654 310 2687 Cardinalis
341 2654 494 2687 Henricus
527 2655 603 2687 1565
619 2654 758 2687 Canisius
774 2654 910 2686 Nuntius
926 2663 975 2695 ap.
1010 2654 1087 2686 1565
1101 2655 1132 2686 C.
1148 2653 1344 2695 ansberqae
1356 2652 1459 2692 (Card.

50 2699 143 2775 {igtg}
157 2699 406 2741 Ulyssiponensis
424 2699 493 2731 fun·
545 2699 578 2731 in
593 2699 764 2731 Germania.
1019 2698 1156 2740 Hosius).
1201 2714 1206 2718 s

33 2877 110 2909 1566
133 2876 335 2909 Conimbricae
357 2878 493 2919 primum

52 2921 181 2954 docetur
203 2921 329 2953 scientia
352 2922 451 2954 media
475 2932 494 2953 a

51 2966 145 2998 Petro
165 2966 312 2999 Fonseca.

248 3099 287 3131 46
731 3099 770 3132 47
1214 3097 1253 3130 48
1777 3094 1816 3127 49
