2372 3550
111 295 269 331 Hispania,
291 294 448 324 Lusitania
522 260 528 364 Ι
600 293 774 329 Germania,
796 294 935 329 Belgium

43 423 120 454 1536
130 421 268 463 Ignatius
277 420 356 452 veris
368 424 506 461 tempore

63 465 250 497 valetudinis
265 469 297 497 et
310 464 503 506 negotiorum

63 520 157 542 causa
176 510 208 541 in
230 509 413 550 Hispaniam
436 518 504 549 pro-

63 555 161 586 fectus
190 553 366 595 apostolicis
393 552 504 584 labori-

63 599 120 630 bus
149 602 181 630 et
209 598 348 639 exemplo
378 597 504 629 virtutis
542 598 619 628 1540
644 599 739 628 Faber
763 598 852 629 venit
876 598 993 639 primus

63 643 179 674 bonum
223 642 336 674 Christi
380 642 503 673 odorem

62 687 188 729 spargit,
206 686 356 728 imprimis
374 687 505 727 Pompe-

61 731 166 773 jopofi,
191 731 361 769 Almazani,
395 730 503 762 Toleti.

40 1398 126 1430 1539.
185 1399 232 1430 19.
265 1398 334 1430 Oet.
378 1408 432 1440 per
468 1400 501 1430 P.

58 1444 160 1474 Araoz
177 1442 314 1475 Societas
333 1442 501 1474 introduci-

60 1491 112 1519 tur
131 1487 163 1518 in
185 1489 375 1524 Hispaniam.

41 1798 126 1830 1540.
140 1799 186 1830 15.
199 1799 291 1831 Mart.
323 1800 502 1830 Franciseus

60 1844 209 1874 Xaverius
224 1847 255 1875 et
274 1845 379 1874 Simon
394 1845 502 1875 Rodri-

59 1896 136 1924 guez
149 1888 251 1920 Roma
264 1888 503 1929 proficiscuntur

59 1931 92 1963 in
112 1931 313 1964 husitandam.

41 2110 117 2142 1541
142 2111 253 2143 Petrus
271 2110 372 2143 Faber
392 2111 424 2142 in
448 2111 502 2143 Hi-

61 2155 178 2196 spania,
212 2159 249 2187 ut
280 2155 438 2197 apostolus
470 2156 502 2188 in

60 2199 188 2276 rCaatstilia
205 2204 237 2232 et
246 2199 402 2242 Aragonia
417 2199 502 2232 labo-

42 2331 118 2364 1541
142 2334 247 2364 Simon
265 2335 436 2371 Rodriguez
454 2344 502 2366 oe-

62 2381 158 2418 eupat
177 2377 304 2409 domurn
323 2378 353 2410 S.
374 2378 504 2410 Antonii

64 2420 339 2462 Ulyssiponemem.

42 2509 119 2543 1542
148 2511 230 2543 Socii
258 2511 353 2543 etiam
383 2511 504 2543 Conim-

62 2555 149 2587 bricae
169 2555 311 2588 habitare
333 2560 502 2597 coeperunt.

63 2599 122 2632 Hie
163 2599 298 2650 primum
340 2600 504 2632 Societatis

62 2643 229 2686 Collegium
251 2645 417 2677 inchoatur
438 2655 504 2677 mu-

62 2687 223 2721 nificentia
252 2688 344 2731 Regis
374 2689 505 2721 Joannis

64 2733 123 2765 III.
135 2733 271 2765 AEdifieii
280 2733 396 2775 proprii
405 2734 506 2775 prima

62 2777 269 2810 fundamenta
295 2778 371 2820 jecit
398 2778 505 2811 Simon

64 2822 238 2863 Rodriguez
256 2823 303 2855 14.
322 2822 396 2865 Apr.
416 2823 502 2855 1547.

262 3089 302 3121 14

562 652 599 673 ex
611 642 631 673 J
633 642 739 674 esuitis
749 642 780 673 in
789 644 995 679 Germaniam,

562 690 598 718 ut
629 697 698 718 cum
728 688 810 717 Ortiz
841 686 992 728 colloquio

561 730 715 772 religionis
729 731 889 763 Vormatz'ae
899 731 993 763 inter-

562 779 651 807 esset.
675 775 782 807 Multis
794 775 867 807 viris
880 776 993 817 primo-

561 819 645 851 ribus
660 820 807 851 exercitia
820 819 994 861 spiritualia

1119 294 1240 330 Anglia,
1262 295 1389 324 Polonia

1666 295 1826 325 missiones
1846 296 1964 325 exterae

2072 368 2128 375 ἥ

1025 421 1103 452 1534
1134 420 1286 453 Hem-icus
1317 421 1406 452 VIII.
1439 431 1477 452 ex
1509 421 1731 453 Dominieanos
1769 425 1801 453 et
1839 421 2061 454 Franciscanos
2099 423 2130 454 in

1045 465 1233 502 „Defensore
1294 465 1388 497 fidei“
1439 465 1478 497 sit

1045 509 1268 547 schismaticus,
1306 510 1477 551 primatum

1044 553 1206 585 Pontifiois
1224 554 1281 585 sibi
1298 558 1429 595 usurpat
1445 554 1477 586 in

1046 597 1166 640 Anglia,
1185 608 1204 629 a
1221 598 1353 630 subditis
1371 603 1478 639 postu-

1045 642 1100 680 lat,
1120 646 1156 674 ut
1172 643 1231 674 hoc
1249 653 1338 674 suum
1357 642 1477 674 facinus

1045 686 1246 727 jurejurando
1285 691 1321 718 ut
1357 687 1477 727 justum

1044 735 1477 773 agnoscant,reousantesper-

1046 776 1193 817 sequitur.

562 864 701 902 tradidit,
720 864 872 906 praecipue
889 864 993 896 Ratis·
1026 865 1103 896 1535
1138 864 1273 897 Thomas
1307 865 1411 897 Morus
1446 869 1478 897 et

562 909 658 940 bonae.

729 909 815 950 Opus
863 909 994 941 feliciter
1045 909 1182 941 Joannes
1201 909 1309 941 Fisher
1327 909 1479 950 Martyres

561 958 698 994 coeptum
706 953 997 994 prosequiturClau-
1045 964 1099 995 pro
1119 954 1256 995 primatu
1275 954 1446 986 Pontificis

560 997 628 1029 dius
648 998 738 1039 Jajus
760 997 942 1040 Ingolstadii
961 1002 993 1030 et

559 1042 738 1084 Salisburgi‚
754 1042 807 1074 ubi
819 1042 852 1074 in
865 1043 991 1084 Synodo

553 1086 991 1129 provincialivictoriamprin-

559 1131 646 1173 cipiis
664 1131 824 1164 catholicis
842 1131 992 1164 vindicat.

539 1799 696 1831 1540—56
738 1799 876 1841 Ignatius
915 1799 989 1841 ipse,

559 1843 659 1875 missis
669 1843 800 1876 subinde
811 1844 932 1876 vicariis
943 1855 995 1876 seu

560 1888 786 1927 commissariis‚
809 1889 916 1927 socios,
939 1889 992 1921 do-

559 1942 636 1971 mos,
662 1932 797 1975 Collegia
819 1933 993 1966 Germaniae

559 1977 789 2010 moderabatur.

540 2288 745 2338 1542UPrimi
776 2289 905 2322 Jesuitae
934 2289 990 2321 Lo-

559 2343 653 2365 vanu.

541 2422 617 2454 1542
633 2422 733 2454 Faber
742 2422 853 2464 Spiroe,
861 2423 900 2455 M
901 2432 992 2464 ορμη-

558 2466 617 2505 tiae,
627 2466 680 2499 ubi
689 2467 766 2499 1543
774 2466 994 2500 Caninium

560 2511 593 2543 in
605 2511 672 2544 Soc.
696 2511 849 2550 admittit3

542 2644 619 2676 1543
660 2644 802 2684 Coloniae,
845 2644 899 2677 ubi
940 2655 993 2686 op-

561 2693 682 2731 pugnat
728 2689 992 2731 archiepiscopum

563 2733 778 2766 Hermannum
788 2744 807 2766 a
814 2734 912 2772 Wied,
920 2744 993 2775 apo-

563 2782 689 2810 statam.

542 2867 619 2899 1543
662 2867 825 2900 Bobadffla
865 2867 995 2900 interest

562 2911 696 2944 comitiis
722 2911 848 2954 Imperii
873 2912 995 2944 Norim-

562 2955 663 2997 berqae.

750 3089 788 3121 15

1025 2512 1102 2544 1542
1121 2514 1250 2545 moetus
1268 2516 1301 2544 et
1320 2514 1478 2544 salmeron

1044 2556 1130 2589 missi
1163 2567 1182 2588 a
1213 2556 1312 2589 Paulo
1347 2556 1406 2588 III.
1441 2561 1478 2589 ut

1045 2601 1157 2633 Nuntii
1179 2601 1341 2643 apostolici
1363 2600 1396 2632 in
1418 2600 1477 2633 Hi-

1044 2645 1178 2678 berniam
1214 2645 1305 2678 valde
1342 2645 1477 2678 afflictos

1045 2689 1214 2722 catholicos
1233 2693 1266 2722 et
1283 2689 1475 2722 Jacobumv.

1045 2745 1147 2777 regem
1158 2734 1267 2767 Scotioe
1278 2734 1475 2767 confirmant.

1046 2779 1175 2812 Reversi
1182 2778 1331 2811 instituta
1339 2778 1480 2821 religiosa

1046 2827 1157 2856 curant
1178 2823 1330 2866 erigenda.

1234 3090 1273 3122 16

1529 465 1689 497 Missiones
1712 476 1785 497 mox
1809 466 1907 498 secuti
1930 470 2004 499 suut
2026 466 2131 508 Augu-

1529 509 1665 547 stiniani,
1707 510 1889 548 Carmelitae,
1940 511 2130 548 Meroedarii,

1530 554 1791 595 Hieronymitani,
1835 554 1888 596 qui
1928 565 1990 587 non
2031 555 2130 587 solum

1529 598 1735 640 Evangelium
1757 609 1937 641 propagare,
1961 599 2014 631 sed
2036 599 2130 632 etiam

1529 653 1585 684 pro
1612 643 1729 675 viribus
1755 643 1916 685 indigenas
1942 647 2052 675 contra
2078 654 2130 685 op-

1529 697 1682 728 pressores
1701 691 1861 729 protegere
1881 688 2078 720 studuerunt.

1510 2112 1596 2144 1541.
1618 2113 1644 2144 7.
1664 2111 1738 2153 Apr.
1780 2111 1817 2143 In
1837 2111 1959 2144 Indiam
1979 2110 2131 2153 navigant

1529 2158 1709 2188 Francisous
1739 2157 1899 2193 xaverius,
1929 2157 2044 2187 Paulus
2074 2156 2131 2187 Ca-

1529 2208 1620 2238 mers,
1649 2202 1828 2232 Francisous
1844 2202 2009 2238 Memmia,
2037 2201 2131 2231 Dida-

1529 2253 1583 2276 eus
1604 2246 1783 2282 Rodrigues.

1796 3088 1834 3121 17
