2372 3550
300 289 436 320 Historia
456 289 713 324 contemporanea

825 308 952 337 Litterae
972 308 1161 344 Apostolieae

1238 263 1401 299 Praepositi
1422 262 1452 292 et
1473 262 1727 298 congregationes

1401 307 1563 337 Generales

838 264 956 293 summi
977 264 1152 300 Pontifices,
1940 283 2040 319 nana,
2060 282 2158 312 Gallia

231 416 308 448 1578
331 416 351 458 †
373 416 510 448 Joannes
531 415 723 447 Austriacus.

230 505 406 537 Alexander
424 504 589 536 Farnesius
611 504 643 535 in
656 503 772 544 Belgio.
828 501 909 527 tionis
928 509 945 527 a
963 501 1083 532 decimis;

231 594 317 626 1578.
350 594 398 626 23.
429 593 504 635 Maj.
537 593 557 634 †
587 591 774 624 Laurentius

250 639 357 670 Surius
382 637 605 670 Carthusianus
630 636 773 668 Coloniae.

230 772 302 804 Mas.
326 771 478 803 Henricus
499 770 705 802 1578—1580.

232 905 309 936 1579
319 904 491 936 Provinciae
499 905 515 935 7
523 902 775 945 septentrionalis

252 949 445 981 Neerlandiae
465 951 677 990 protestantes
698 946 776 978 defi—

252 994 339 1026 ciunt
361 1004 380 1025 a
401 1003 515 1025 corona
536 992 696 1033 Hispaniae
718 991 775 1022 sub

251 1038 390 1080 principe
425 1037 578 1069 Guliehno
613 1036 773 1068 Arausion.

233 1394 306 1427 Lus.
334 1393 498 1435 Philippus
527 1392 551 1424 Ι.
582 1392 632 1433 (=
663 1391 704 1424 II.
734 1391 767 1422 in

255 1438 359 1480 Hisp.)
381 1437 587 1470 1580—1598.

238 1794 435 1827 1579—1594
449 1794 566 1826 Foedus
582 1796 702 1835 septem
719 1796 782 1825 sta·
815 1793 866 1835 11)
907 1793 994 1825 1579.
1036 1793 1064 1825 1.
1106 1792 1176 1824 Oct.

257 1843 349 1872 tuum
370 1839 428 1871 sub
448 1839 574 1871 nomine
596 1837 780 1869 Hollandiae.
837 1837 936 1870 Usum
958 1837 1064 1869 altaris
1086 1836 1191 1868 viatici

244 2240 440 2272 1579—1597
465 2241 634 2271 Gulielmus
659 2240 695 2271 V.
722 2238 788 2270 dux
819 2237 871 2279 12)
907 2237 994 2276 1579,
1032 2237 1079 2269 23.
1116 2237 1191 2269 Dec.
1227 2237 1313 2269 1580.
1341 2237 1368 2269 1.
1396 2236 1474 2278 Aug.

264 2284 415 2324 Bavariae,
429 2284 535 2316 fautor
545 2284 576 2316 S.
590 2283 619 2315 J.
634 2283 668 2325 (†
681 2282 785 2315 7.Feb.
840 2282 918 2314 Cum
927 2281 1004 2313 sicut
1014 2281 1194 2321 accepimus:

264 2329 364 2371 1626).

246 2551 325 2582 1580
342 2550 464 2582 Bellum
475 2560 546 2582 cum
556 2549 749 2592 Hugonottis
760 2553 792 2581 et

266 2595 314 2627 26.
336 2595 417 2627 Nov.
439 2604 503 2636 pax
523 2594 562 2626 de
582 2594 679 2626 Fleix.

248 2817 326 2848 1581
350 2816 465 2849 Edicta
489 2819 599 2848 contra
622 2815 790 2848 catholicos

267 2861 300 2892 in
318 2860 487 2893 Hollandia
504 2864 537 2892 et
552 2859 673 2902 Anglia.

507 3082 545 3115 74

1781 411 1818 442 In
1842 410 1945 443 Gallia
1967 411 1997 443 S.
2024 410 2053 442 J.
2079 410 2165 442 intra
2188 409 2326 451 spatium

1799 455 1838 487 35
1858 465 2011 487 annorum
2032 454 2257 496 (1540—1575)
2276 464 2326 485 ac-

1801 500 1929 542 quisivit
1960 499 2008 541 jus
2041 499 2190 537 civitatis,
2223 497 2327 530 emisit

1799 544 1915 576 multos
1945 543 2155 575 missionarios
2186 543 2219 574 in
2250 542 2327 574 dioe-

1800 599 1892 627 ceses,
1923 588 2065 620 condidit
2093 588 2132 619 14
2157 589 2200 625 G„
2222 587 2327 619 Socios

1799 633 1979 665 numeravit
2022 636 2081 671 tot,
2125 635 2162 663 ut
2205 632 2222 662 2
2265 633 2327 668 Pr„

1799 677 1939 709 Franciae
1976 680 2009 709 et
2044 676 2224 718 Aquitaniae
2262 676 2327 717 jam

1799 721 1943 753 formatae
1965 725 2076 753 essent.

806 413 838 454 9)
860 413 947 444 1578.
971 413 998 444 1.
1022 413 1094 445 Jan.
1120 412 1181 444 Pa-

826 457 945 489 storalis
957 457 1067 496 officii:
1079 469 1185 496 exemp-

1274 661 1316 687 Pr.
1334 661 1455 686 Romana
1472 661 1498 686 et
1513 660 1598 685 Tusca
1614 660 1689 685 1571.

1230 713 1372 740 Domicilia
1388 713 1432 739 16:

1230 751 1293 781 Dpr.
1312 749 1434 775 Romana

1231 787 1258 812 c.
1276 785 1428 811 Romanum

1231 822 1298 853 pr.
1315 821 1341 847 S.
1359 820 1471 847 Andreae
1503 839 1642 845 .....

808 768 859 809 10)
902 767 989 799 1578.
1035 769 1061 800 7.
1105 768 1180 809 Maj.

825 812 946 850 Quanta
966 812 1001 843 in
1016 812 1116 844 vinea:
1139 816 1182 842 In-

832 855 975 890 dulgentiae
1007 856 1076 890 plen.
1103 857 1184 883 semel

829 891 857 917 in
867 892 1183 918 annoinecclesiisSocie-

830 927 904 958 tatis.
923 927 1073 953 celebrandi
1089 928 1183 954 missas

830 971 885 989 una
898 963 965 989 hora
980 965 1043 989 ante
1059 972 1183 990 auroram

830 1001 858 1025 et
876 1000 938 1033 post
957 999 1103 1031 meridiem,
1123 1008 1183 1034 pro-

829 1034 955 1060 movendi
973 1035 1007 1061 ad
1023 1034 1121 1069 gradus
1138 1043 1185 1070 per

829 1070 979 1096 studiorum
1018 1071 1183 1105 praefectum,

831 1106 1004 1132 concurrendi
1010 1115 1070 1133 cum
1075 1106 1187 1133 Univer-

830 1142 943 1168 sitatum
959 1142 1111 1169 lectoribus.

1231 858 1258 883 G.
1276 856 1483 883 Poenitentiariae
1504 875 1642 880 .....

1230 894 1299 919 Sem.
1319 892 1471 918 Romanum

1232 930 1259 955 G.
1269 928 1455 955 Germanicum
1471 946 1643 952 ......

1231 964 1371 990 Florentiae

1232 1000 1306 1026 Senis

1232 1035 1345 1062 Perusiae
1371 1054 1643 1060 .........

1232 1071 1394 1105 Foropopilii
1410 1070 1503 1105 (Forli)
1539 1090 1544 1095 .
1572 1090 1577 1095 .
1605 1090 1611 1095 .
1639 1089 1644 1094 .

1232 1107 1341 1133 Laureti

1231 1143 1372 1169 Maceratae

1781 899 1858 931 1579
1884 899 2027 931 Durante
2054 899 2267 930 controversia
2297 900 2326 930 S.

1800 945 1899 975 Caroli
1921 954 1991 975 cum
2013 943 2222 985 gubernatore
2243 943 2326 984 Aya-

1800 991 1908 1020 monte
1922 988 2025 1019 Julius
2040 988 2234 1019 Mazzarinus
2249 988 2280 1020 S.
2296 987 2326 1019 J.

1769 1039 1772 1041 ·
1802 1043 1817 1064 e
1833 1036 1979 1074 suggestu
2005 1032 2200 1074 vituperavit
2223 1031 2329 1064 Cardi-

1801 1077 1914 1109 nalem.
1946 1077 2047 1114 Quare
2062 1077 2196 1108 Romam
2211 1076 2328 1108 citatus

1801 1131 1856 1163 per
1890 1122 1908 1152 2
1944 1131 2041 1153 annos
2077 1131 2095 1153 a
2128 1120 2327 1162 praedicando

1802 1166 2004 1207 suspenditur
2022 1170 2055 1197 et
2074 1165 2114 1197 ad
2132 1165 2258 1197 veniam
2277 1175 2330 1207 pe-

1802 1210 1931 1242 tendam
1953 1210 2118 1252 obligatur.

1234 1338 1358 1365 Universi
1372 1357 1646 1363 .........
1685 1337 1735 1363 469

1783 1388 1871 1421 1580.
1884 1388 1981 1430 Bajus
1993 1399 2011 1420 a
2024 1388 2123 1420 Toleto
2133 1391 2280 1420 movetur
2290 1387 2331 1419 ad

1804 1433 1909 1475 palam
1928 1433 2144 1465 retractandos
2164 1442 2289 1465 errores.

1787 1567 1893 1599 Floret
1922 1567 2120 1609 gymnasium
2150 1566 2332 1607 Mussipon-

1806 1614 1912 1644 tanum
1934 1611 2077 1643 claritate
2098 1611 2278 1643 auditorum
2301 1613 2333 1642 et

1807 1665 1946 1688 numero.

1789 1790 1867 1821 1580
1885 1789 2049 1832 Gregorius
2067 1789 2162 1822 XIII.
2181 1791 2213 1822 0.
2232 1788 2333 1830 Hlyri-

1809 1845 1880 1866 cum
1901 1834 2026 1866 Laureti
2048 1834 2210 1866 conditum
2232 1833 2333 1865 Socie-

835 1882 983 1914 restituit.
1809 1879 1871 1911 tati
1891 1879 2071 1911 committit.

1790 2013 1877 2045 1580.
1891 2013 1919 2045 3.
1933 2012 2008 2054 Apr.
2024 2012 2044 2054 †
2058 2012 2168 2044 Romae
2181 2011 2334 2053 Hierony-

1808 2067 1878 2089 mus
1905 2057 2038 2096 Natafis,
2066 2056 2176 2098 plenus
2203 2056 2333 2088 dierum.

1503 2236 1756 2278 †Mercurianus.
1791 2235 1869 2267 1580
1893 2234 2028 2267 Parisiis
2051 2236 2124 2272 Dpr.
2147 2233 2334 2266 instituitur.

1246 2281 1459 2313 Constituerat
1472 2282 1521 2313 Pr.
1535 2280 1680 2319 Poloniae,
1694 2280 1758 2311 Me-
1810 2279 1964 2311 Saeviente
1990 2282 2078 2321 peste
2105 2278 2228 2320 aegrotis
2255 2277 2337 2310 Socii

1246 2325 1636 2364 djolanensemNenetam.
1659 2324 1758 2356 Rede-
1810 2324 1994 2356 inserviunt.

1245 2373 1333 2412 gerat
1359 2370 1392 2401 in
1420 2369 1559 2401 ordinem
1586 2369 1757 2401 maximam

1245 2418 1367 2456 partem
1377 2414 1449 2446 libri
1458 2413 1644 2455 regularum.
1657 2413 1758 2445 Socie-

1245 2463 1294 2491 tas
1331 2468 1413 2490 anno
1451 2458 1528 2490 1579
1564 2458 1598 2489 in
1633 2458 1671 2489 21
1707 2459 1757 2490 Pr.

1244 2502 1432 2535 numerabat
1461 2502 1540 2534 5165
1571 2502 1686 2541 Socios,
1720 2502 1758 2533 10

1244 2550 1330 2586 Dpr„
1352 2548 1411 2579 144
1432 2548 1475 2584 C„
1497 2548 1575 2584 pr.
1598 2550 1757 2588 separatas

840 2325 962 2352 lucrandi
1013 2325 1193 2360 indulgentias

841 2362 953 2388 aliarum
975 2361 1143 2387 ecclesiarum
1165 2361 1193 2387 in

841 2397 956 2424 ecclesiis
972 2397 1120 2423 Societatis.

1793 2811 1870 2843 1581
1898 2809 2063 2852 Gregorius
2089 2809 2184 2841 XIII.
2214 2810 2245 2841 c.
2274 2809 2337 2840 Ro-

1811 2865 1940 2887 manum
1971 2853 2146 2886 redditibus
2179 2856 2274 2895 auget
2304 2856 2337 2885 et

1811 2899 1963 2931 fabricam
2000 2897 2201 2940 magnificam
2240 2896 2337 2929 aedifi-

1812 2943 1946 2976 caudam
1967 2946 2066 2975 curat.

2041 3076 2079 3109 77

992 3079 1031 3113 75
1477 3078 1515 3112 76
