2372 3550
141 340 300 376 Hispania,
321 338 479 368 Lusitania

627 338 801 373 Germania,
823 338 962 374 Belgium

1146 338 1267 373 Angue,
1288 338 1416 368 Polonia

1694 338 1853 367 Missiones
1874 338 1991 368 exterae

158 494 200 519 Pr.
216 493 357 523 Aragoniae
374 492 450 517 1669.

123 547 186 577 Dpr.
204 544 357 575 Valentina;
377 545 404 570 c.
422 543 516 569 Valen-

90 581 185 612 tinum,
205 580 231 606 S.
253 579 337 611 Pauli,
358 579 517 610 Gandiense,

89 615 281 650 Segobricense,
303 615 442 646 Aionense,
463 615 516 641 Cae-

89 650 515 685 saraugustanum‚Bilbflitanum,

90 687 211 718 Oscense,
230 686 428 717 Turiasonense,
452 686 516 712 Gra-

89 722 177 754 dense,
195 722 398 753 Barcinonense,
417 722 516 748 Gerun-

89 758 177 789 dense,
192 757 351 792 Urgellense,
367 757 516 789 Hlerdense,

88 793 292 824 Minoresanum,
309 793 426 824 Vicense,
442 793 516 819 Mon-

89 829 124 856 tis
134 829 206 860 Sion,
217 828 398 863 Majon‘cense,
409 828 434 855 S.
447 828 515 855 Mar-

89 864 151 896 11Ηή

122 912 189 943 pr.
205 910 418 942 Tarraconensis;

122 956 155 982 R.
172 954 348 986 Dertusensis,
366 955 516 982 Ebusensis.

366 1007 381 1112 ἒ
399 1043 448 1070 365

71 1248 148 1279 1670
174 1249 204 1279 C.
234 1247 371 1289 Bejense,
397 1248 435 1280 de
461 1259 533 1280 con-

89 1292 190 1323 dendo
230 1292 462 1334 Ulyssiponensi
500 1295 533 1325 G.

89 1336 119 1368 S.
140 1336 190 1368 Fr.
212 1336 340 1368 Xaverii
360 1337 470 1378 agitur.
494 1357 531 1360 —

91 1381 127 1412 In
138 1382 169 1413 C.
183 1381 417 1421 Ulyssiponensi
426 1382 455 1414 S.
468 1382 532 1413 An-

90 1425 167 1457 tonii
188 1426 207 1456 4
228 1425 338 1464 Mauri,
363 1427 379 1457 1
402 1426 531 1467 Anglus‚

90 1470 106 1501 1
148 1469 346 1502 Calvinianus
388 1470 531 1503 Ecclesiae

90 1514 247 1556 aggregati
268 1518 350 1546 sunt.

172 1007 229 1034 Sac.
298 1008 347 1034 155

172 1043 258 1070 Schol.
298 1043 346 1069 101

173 1079 252 1106 Coad.
298 1079 347 1105 109

70 1931 146 1963 1672
169 1933 218 1964 Pr.
235 1931 406 1964 Gastellana
427 1933 531 1965 Socios

89 1979 234 2008 numerat
260 1977 319 2008 560
348 1977 531 2009 distributos

88 2020 121 2051 in
135 2021 173 2051 26
186 2022 226 2059 0.,
242 2021 259 2052 2
273 2023 321 2060 R„
343 2022 361 2052 2
379 2023 458 2054 Sem.
479 2021 534 2053 Hi-

90 2064 255 2096 bernorum
271 2069 303 2097 et
318 2066 333 2097 1
350 2066 529 2108 Anglorum.

69 2509 146 2541 1677
167 2509 297 2551 Aliquot
318 2521 334 2542 e
356 2512 387 2543 C.
409 2510 531 2543 Conim-

88 2553 215 2586 brivensi
236 2554 317 2586 Socii
338 2565 393 2596 per
413 2555 531 2587 missio-

88 2608 141 2630 nes
158 2599 436 2640 quadragesimales
452 2600 530 2631 mul-

89 2646 136 2674 tos
157 2643 197 2674 ad
215 2643 307 2675 famae
327 2647 358 2675 et
377 2644 528 2676 bonorum

88 2687 301 2720 restitutiones
317 2692 484 2720 moverunt
501 2693 533 2721 et

90 2731 161 2763 odia
188 2732 282 2764 etiam
307 2732 457 2765 diuturna
479 2743 530 2765 ex-

88 2776 251 2808 tinxerunt
273 2776 306 2808 in
330 2777 458 2809 diversis
477 2787 531 2819 op-

89 2819 178 2861 pidis.

276 3130 335 3162 230

568 465 644 496 1671
660 465 912 506 Congregationis
927 465 963 496 Β.
980 465 1018 497 V.
1054 465 1130 496 1673
1145 466 1282 495 Adamus
1296 467 1505 497 Przeborows-
1539 464 1615 496 1675
1640 464 1707 496 Sao.
1734 465 1753 495 9
1778 468 1810 496 et
1834 464 1926 497 Coad.
1953 465 1972 495 4
1994 464 2027 496 in
2051 464 2158 496 insulis

1072 510 1115 546 ki,
1143 509 1345 541 confessarius
1374 509 1394 540 J
1397 509 1504 541 oannis
1557 508 1715 540 Marianis
1732 513 1848 541 vacant
1865 509 2016 547 missioni;
2036 509 2063 540 9.
2082 509 2157 540 Dec.

586 509 790 541 Annuntiatae
856 510 1018 551 praefectus

587 553 619 585 N
621 554 739 595 eoburqz'
755 558 822 586 erat
838 554 859 586 ,J
861 564 887 586 0.
906 553 1021 586 Guliel-

586 608 665 637 mus,

568 687 644 718 1672
660 686 860 728 Wolfgangus
876 686 942 728 ejus
957 687 1018 719 fra-

588 735 643 769 ter,
661 731 720 762 filii
737 731 920 763 serenissimi
937 731 1020 773 prin-

587 775 663 817 cipis
689 775 926 817 Neoburgensis.

568 909 644 940 1672
682 909 718 940 ]’11
754 910 785 941 C.
824 908 1019 950 Friburqensi

587 953 684 994 Brisg.
701 953 803 994 prima
816 953 1018 994 philosophiae

586 997 692 1029 laurea
712 998 850 1039 insigniti
872 1001 946 1029 sunt
968 999 1018 1036 24,

587 1052 731 1083 suprema
752 1043 798 1074 15.

1072 553 1221 591 Sobieski,
1244 553 1399 585 benedicit
1420 564 1504 586 exer-

1073 597 1149 629 citui
1178 597 1295 629 Polono
1337 602 1410 630 ante
1446 608 1504 639 pu-

1072 652 1167 684 gnam
1192 642 1232 673 ad
1256 642 1412 674 Choczim.

1053 908 1138 940 1674.
1159 908 1205 939 24.
1226 908 1272 940 25,
1293 908 1339 940 26.
1359 908 1432 940 Jun.
1472 910 1505 941 C.

1070 952 1292 984 Jaroslavtense
1328 952 1505 984 solemniter

1071 996 1240 1029 celebravit
1249 1007 1366 1029 annum
1377 997 1416 1029 ab
1427 1007 1508 1029 erec-

1071 1042 1155 1073 tione
1178 1041 1389 1073 centesimum.

567 1175 643 1207 1675
683 1175 865 1216 Ingolstadii
904 1176 1019 1207 Rector
1052 1175 1138 1207 1675.
1164 1175 1211 1206 31.
1237 1175 1311 1207 Dec.
1339 1175 1504 1207 Posnaniae

585 1220 773 1251 Servilianus
797 1219 943 1257 Veihelim
966 1220 1017 1251 El-

587 1264 654 1296 vaci
672 1268 774 1302 natus,
793 1264 872 1296 obiit
889 1265 916 1296 6.
935 1264 1017 1302 Oct,

584 1309 616 1339 in
642 1319 711 1350 quo,
737 1313 773 1340 ut
795 1309 841 1340 lit.
867 1319 916 1340 an.
941 1309 1017 1341 refe-

587 1357 661 1385 runt
681 1353 844 1394 „quaedam
864 1354 893 1385 S.
915 1353 1017 1385 Patris

586 1398 623 1429 N.
663 1398 777 1439 Ignatii
814 1398 915 1439 imago
956 1408 1018 1429 cer-

586 1452 656 1474 nere
675 1446 755 1480 erat,
776 1442 852 1474 adeo
873 1442 938 1484 ejus
959 1443 1018 1474 vir-

587 1491 670 1518 tutes
703 1487 735 1518 in
768 1487 834 1528 ipso
868 1487 1018 1528 exprime-

586 1531 732 1563 bantur‘fi
763 1550 801 1553 —
831 1531 951 1563 Ibidem
980 1532 1018 1563 24

585 1575 714 1608 haeresin
737 1576 908 1617 ejurarunt.
932 1595 970 1598 —

567 1709 762 1741 1677—1703
801 1709 1018 1741 Controversia

586 1752 850 1785 Bollandistarum
863 1764 932 1785 cum
946 1754 1018 1786 Car-

586 1798 699 1830 melitis
715 1798 752 1830 de
768 1798 839 1830 Elia
853 1798 1017 1840 propheta.

566 1932 643 1963 1677
668 1931 703 1963 111
725 1931 908 1973 gravissimo
931 1932 1018 1964 dissi-

585 1976 636 2008 dio
677 1976 759 2008 inter
798 1976 1017 2018 magistratum

586 2020 826 2053 ecclesiasticum
845 2025 876 2053 et
894 2021 1018 2053 saecula-

584 2075 649 2097 rem
662 2065 890 2106 Friburyensem
899 2066 1019 2107 (Helv.)

585 2109 666 2142 Socii
687 2110 829 2151 precibus
853 2110 893 2142 ad
915 2111 1016 2142 Deum

585 2158 617 2186 et
654 2154 871 2187 intercessione
910 2155 995 2196 apud

586 2199 739 2231 Nuntium
752 2199 957 2240 apostolicum
970 2200 1017 2231 usi

585 2247 668 2282 sunt,
690 2247 727 2276 ut
746 2243 786 2275 ab
807 2244 1017 2276 excommuni-

585 2288 706 2320 catione
727 2288 908 2326 abstineret,
929 2292 961 2321 et
981 2293 1018 2320 ut

584 2342 631 2364 res
660 2332 790 2374 pacifice
820 2343 1017 2374 componere-

586 2380 646 2409 tur.

566 2511 642 2542 1677
659 2513 696 2542 R.
704 2514 771 2542 tum
783 2511 1017 2552 OElenberqensis

586 2559 654 2587 tum
675 2555 707 2587 S.
730 2555 877 2587 Morandi
897 2555 1016 2593 Patres,

586 2609 656 2631 cum
691 2603 760 2631 tota
792 2600 966 2641 Suntgavia
1000 2611 1018 2632 a

584 2643 683 2675 milite
720 2648 932 2685 occuparetur,
971 2645 1018 2676 fu-

584 2688 739 2729 gientibus
764 2688 831 2720 aliis
855 2688 962 2720 incolis
987 2693 1019 2721 et

584 2732 737 2774 parochis,
765 2732 919 2774 intrepide
947 2733 1018 2765 sub-

585 2777 747 2815 stiterunt3
768 2777 878 2818 prioris
898 2777 979 2809 Socii
999 2779 1018 2809 4

586 2831 605 2853 a
640 2821 871 2862 depraedatione
906 2822 1018 2853 immu-

585 2875 638 2898 nes
663 2865 799 2904 fuerunt,
825 2876 887 2898 non
911 2870 1017 2898 autem

585 2910 604 2941 4
624 2910 811 2951 posterioris.

761 3131 818 3163 231

1071 1219 1186 1251 civium
1213 1219 1367 1251 tumultus
1395 1224 1504 1252 contra

1071 1265 1102 1296 C.
1120 1264 1151 1295 in
1170 1274 1230 1305 quo
1249 1274 1328 1295 unus
1345 1264 1503 1296 studiosus

1072 1308 1188 1340 occisus
1222 1308 1291 1340 fuit.
1346 1308 1504 1349 Expostu—

1071 1353 1191 1384 laverat
1210 1353 1324 1384 Rector
1342 1353 1380 1384 ob
1398 1353 1501 1385 laesam

1071 1397 1302 1429 immunitatem
1344 1397 1503 1429 scholasti-

1072 1451 1152 1479 cam;
1171 1442 1220 1473 cui
1237 1442 1279 1473 rei
1299 1442 1427 1474 accessit
1440 1443 1502 1474 fur-

1072 1490 1139 1518 tum
1164 1496 1182 1518 a
1204 1487 1221 1517 2
1245 1486 1402 1518 sodalibus
1425 1487 1503 1518 Con-

1070 1531 1256 1572 gregationis
1281 1531 1395 1563 civium
1422 1541 1504 1563 com-

1071 1575 1208 1607 missum.
1257 1576 1360 1608 Aucta
1386 1576 1503 1607 animo-

1071 1630 1139 1651 rum
1152 1621 1351 1652 contentione
1363 1630 1431 1652 cum
1450 1631 1503 1653 rex

1072 1664 1137 1705 ipse
1144 1675 1175 1696 se
1186 1664 1397 1705 judicaturum
1406 1665 1504 1697 mina-

1072 1713 1166 1747 retur,
1194 1714 1322 1741 ventum
1338 1714 1385 1741 cst
1400 1720 1503 1742 mense

1071 1754 1213 1795 Augusto

1052 1932 1129 1964 1677
1148 1932 1188 1963 ad
1207 1932 1401 1964 amicabilem
1421 1942 1504 1965 com-

1071 1976 1266 2018 positionem,
1282 1987 1344 2018 qua
1356 1977 1459 2009 omnia
1471 1978 1501 2009 111

1070 2021 1236 2062 pristinum
1267 2025 1385 2053 statum
1416 2022 1504 2054 resti-

1073 2069 1144 2098 tuta
1164 2070 1247 2098 sunt.

1052 2600 1128 2631 1678
1149 2600 1185 2630 In
1204 2599 1318 2640 Avqlt'a
1337 2599 1376 2630 ob
1395 2599 1502 2640 conju-

1071 2643 1223 2675 rationem
1249 2644 1288 2675 ab
1312 2644 1408 2685 impio
1433 2643 1501 2675 Tito

1069 2688 1155 2720 Oates
1188 2688 1350 2720 inventam
1386 2692 1417 2720 et
1451 2689 1503 2720 Je-

1071 2732 1159 2764 suitis
1185 2732 1363 2764 auctoribus
1389 2733 1503 2774 ascrip-

1071 2781 1136 2808 tam
1161 2777 1287 2809 Carolus
1313 2777 1353 2809 ΙΙ.
1379 2777 1503 2818 perillu-

1070 2825 1165 2853 strem
1188 2821 1289 2853 virum
1311 2821 1460 2859 Stafford,
1484 2822 1501 2853 2

1071 2865 1290 2898 Benedictinos
1324 2869 1356 2897 et
1389 2866 1407 2897 6
1439 2866 1502 2898 ΡΡ.

1070 2910 1099 2942 S.
1142 2910 1171 2942 J.
1213 2909 1366 2942 carnificis
1406 2920 1502 2942 manu

1070 2954 1169 2996 perire
1190 2954 1291 2996 jussit.

1246 3131 1304 3163 232

1557 553 1607 629 fr.
1628 553 1696 585 Pet.
1717 553 1796 585 Diaz
1817 554 1856 585 ab
1876 553 2027 594 indigenis
2048 553 2159 585 occidi-

1574 607 1618 629 ur.

1581 796 1626 826 De
1650 795 1806 826 obsidione
1828 796 1993 826 Viennensi
2017 795 2105 826 1683.

1539 847 1708 878 Tui-corum
1735 847 1768 878 in
1796 847 1971 878 inferiorem
1999 845 2159 878 Austriam

1557 891 1682 923 incursu
1709 891 1913 932 complurium
1934 890 2159 922 domiciliorum

1557 937 1606 968 Pr.
1637 935 1770 967 Austrice
1799 946 1861 967 non
1891 935 1984 967 modo
2015 938 2062 967 est
2090 944 2161 975 per-

1558 980 1687 1012 turbata
1701 979 1922 1021 tranquillitas,
1938 979 1992 1011 sed
2007 983 2039 1011 et
2054 989 2161 1011 eversa

1558 1034 1605 1056 res
1631 1024 1811 1062 domestica,
1839 1035 1875 1056 ac
1900 1024 1981 1056 Socii
2000 1024 2033 1055 in
2054 1023 2160 1065 fugam

1558 1079 1594 1101 ac
1631 1069 1757 1100 exilium
1794 1068 1953 1110 compulsi.
2012 1068 2160 1100 Omnium

1557 1113 1695 1145 maxima
1718 1113 1802 1145 mala
1823 1113 1980 1145 irruerunt
2003 1113 2035 1144 in
2056 1112 2160 1144 Socios

1560 1158 1753 1196 Viennenses,
1772 1168 1842 1189 cum
1860 1157 1965 1189 hostes
1983 1157 2161 1189 obsiderent

1558 1202 1675 1234 urbem.
1722 1202 1823 1243 Major
1849 1202 1973 1243 quidem
1999 1201 2159 1233 Sociorum

1557 1257 1638 1287 pars,
1655 1247 1805 1287 imprimis
1817 1246 1927 1278 novitii
1943 1256 1962 1277 a
1972 1245 2159 1278 Provinciali

1556 1291 1796 1332 jussisunturbe
1808 1290 1899 1328 exire,
1913 1291 1967 1322 sed
1979 1290 2128 1322 abeuntes
2142 1301 2160 1321 a

1557 1335 1625 1367 rudi
1639 1335 1840 1367 multitudine
1863 1335 2034 1372 calumniis,
2049 1345 2159 1376 oppro-

1558 1380 1641 1417 briis,
1661 1380 1839 1412 verberibus
1856 1380 1991 1421 impetiti
2007 1384 2038 1411 et
2054 1384 2159 1411 aucto—

1558 1434 1604 1456 res
1618 1424 1728 1455 horum
1742 1424 1894 1456 malorum
1903 1424 2064 1456 inclamati
2076 1428 2158 1455 511111.

1558 1469 1677 1501 Eadem
1701 1469 1763 1500 fere
1791 1473 1859 1500 erat
1882 1478 1946 1500 sors
1974 1479 2079 1500 eorum
2107 1469 2160 1510 qui

1558 1517 1780 1545 remanserant,
1808 1513 1868 1551 Qui
1883 1513 2083 1545 nihilominus
2096 1523 2160 1544 om-

1559 1558 1611 1589 nia
1634 1568 1699 1595 sua,
1729 1558 1791 1589 imo
1821 1561 1853 1590 et
1880 1568 1912 1590 se
1935 1558 2017 1599 ipsos
2041 1558 2081 1589 ad
2109 1557 2160 1589 de-

1557 1602 1726 1634 fensionem
1741 1602 1824 1634 urbis
1838 1602 2063 1644 impendebant
2076 1601 2160 1633 labo-

1557 1646 1664 1684 rando,
1685 1647 1798 1678 milites
1818 1647 1953 1687 hospitio
1973 1646 2159 1687 recipiendo,

1558 1691 1728 1723 vulneratis
1753 1691 1914 1723 serviendo
1940 1695 1972 1723 et
1996 1691 2159 1729 medendo,

1557 1746 1708 1777 pauperes
1746 1735 1922 1767 nutriendo.
1983 1735 2070 1767 Inter
2107 1735 2160 1766 ob-

1558 1780 1708 1812 sidionem
1738 1780 1769 1811 in
1800 1780 1893 1811 domo
1923 1780 2062 1821 professa
2092 1784 2161 1811 tota

1557 1824 1732 1857 scholarum
1767 1824 1831 1856 aede
1865 1824 1897 1856 in
1932 1824 2159 1856 xenodochium

1557 1873 1691 1907 mutata,
1730 1869 1788 1900 250
1825 1868 1921 1901 saucii
1958 1868 2008 1900 vel
2043 1868 2161 1900 infirmi

1557 1914 1757 1952 curabantur,
1784 1913 1851 1945 aliis
1877 1913 1944 1945 aliis
1970 1913 2161 1945 succedenti-

1558 1958 1625 1996 bus,
1647 1958 1680 1990 in
1701 1959 1732 1990 C.
1754 1968 1826 1990 vero
1848 1957 1940 1990 simul
1960 1958 2019 1989 300
2041 1958 2081 1989 ad
2102 1958 2161 1989 500

1558 2004 1626 2044 (per
1645 2006 1749 2035 totum
1770 2006 1893 2044 tempus
1915 2002 1955 2034 ad
1975 2002 2075 2044 1000).
2097 2002 2158 2034 ΡΡ.

1559 2057 1664 2079 01111105
1683 2057 1745 2079 11011
1764 2047 1863 2079 50111111
1881 2046 1980 2079 labori
1998 2057 2159 2085 manuum,

1558 2092 1611 2124 sed
1629 2092 1723 2124 etiam
1745 2091 1829 2123 lucro
1852 2091 2026 2123 animarum
2050 2101 2082 2123 se
2109 2091 2160 2123 de-

1557 2146 1671 2168 vovere
1697 2136 1729 2167 in
1756 2135 1949 2174 nosocomiis,
1978 2136 2010 2167 in
2037 2136 2105 2174 viis,
2127 2136 2160 2167 in

1556 2180 1805 2223 propugnaculis,
1827 2180 1859 2212 in
1880 2162 2033 2219 doniibus,
2055 2162 2159 2222 spieto

1558 2225 1642 2257 omni
1683 2224 1876 2267 contagionis
1910 2225 2055 2266 periculo,
2092 2235 2161 2266 quae

1558 2270 1682 2312 quidem
1706 2269 1766 2301 ΡΡ.
1792 2268 1955 2301 Nicolaum
1980 2269 2159 2308 Rabowski,

1556 2318 1723 2356 regentem,
1744 2317 1776 2346 et
1794 2314 1971 2346 Emericum
1992 2314 2074 2352 Kiss,
2095 2324 2160 2345 am-

1557 2359 1612 2391 bos
1642 2368 1681 2390 ex
1703 2359 1734 2391 C.
1762 2358 1983 2397 Pazmam'ano,
2013 2358 2053 2390 ad
2083 2358 2160 2390 cari-

1557 2403 1633 2435 tatis
1645 2403 1833 2444 martyrium
1851 2403 2007 2444 perduxit.
2023 2403 2051 2434 N
2054 2413 2087 2435 ec
2101 2403 2159 2434 Pa-

1557 2452 1619 2480 tres
1649 2449 1726 2485 pr.
1758 2447 1820 2479 suis
1850 2447 1993 2488 partibus
2024 2447 2159 2486 defuere,

1556 2492 1643 2534 aegris
1670 2501 1769 2533 opem,
1798 2491 1969 2524 vulneratis
1995 2491 2159 2530 medelam,

1556 2536 1713 2568 morituris
1752 2536 1912 2574 auxilium,
1953 2536 2159 2568 esurientibus

1556 2581 1650 2619 cibos,
1668 2580 1759 2612 nudis
1776 2580 1965 2612 vestimenta
1980 2581 2160 2613 ministran-

1556 2630 1612 2664 tes,
1641 2625 1783 2657 omnibus
1811 2625 1916 2657 onmia
1941 2625 2027 2657 facti.

1536 2679 1585 2710 Sic
1608 2689 1632 2711 e.
1656 2689 1684 2720 g.
1704 2678 1782 2710 laesis
1805 2682 1837 2710 et
1852 2678 1984 2710 infirmis
2006 2678 2159 2710 militibus

1557 2722 1671 2755 auxilio
1691 2722 1850 2754 Sociorum
1869 2722 1888 2754 5
1907 2722 2005 2754 millia
2022 2722 2160 2754 indusio-

1556 2778 1624 2799 rum
1644 2767 1814 2799 distributa
1831 2767 1967 2799 fuerunt.

1537 2821 1614 2853 Cum
1625 2824 1713 2853 arcta
1723 2820 1841 2852 obsidio
1852 2820 1995 2852 durasset
2005 2831 2024 2852 a
2034 2821 2081 2852 14.
2094 2820 2158 2852 Jul.

1557 2875 1655 2907 usque
1678 2865 1719 2897 ad
1742 2866 1788 2896 12.
1814 2865 1910 2906 Sept,
1935 2865 2159 2897 foederatorum

1557 2910 1710 2942 exercitus
1739 2909 1816 2941 duce
1844 2919 1914 2951 rege
1941 2909 2078 2941 Poloniae
2105 2909 2160 2941 Jo-

1557 2964 1637 2986 anne
1672 2953 1813 2986 Sobieski
1849 2953 1953 2995 copias
1989 2953 2159 2985 Turcorum

1555 2998 1588 3030 in
1605 2998 1712 3040 fugam
1729 2997 1863 3040 conjecit
1878 2998 2036 3030 immensis
2053 2997 2160 3039 spoliis

1555 3042 1680 3075 relictis.

1811 3130 1870 3162 233
