2372 3550
111 325 271 361 Hispania,
291 324 450 354 Lusitania

685 325 850 355 Germania
991 293 1013 400 j

1195 327 1309 363 Anglia

1482 295 1519 403 L
1670 329 1830 359 Missiones
1850 331 1964 361 exterae

44 452 122 482 1777
135 451 200 483 Jos.
215 450 250 482 de
260 450 392 482 Oliveira
404 451 448 491 (S.
463 451 508 492 J.)
542 450 579 481 In
621 450 749 483 Austria
789 452 994 484 remanebant
1027 453 1105 484 1776
1125 452 1161 484 In
1181 453 1287 485 Scotia
1305 454 1477 486 etiamnum
1511 455 1548 487 In
1564 455 1705 487 Amet-ica
1720 457 1946 496 septentrionali
1961 458 2132 499 Exjesuitae

1047 497 1084 528 10
1101 497 1281 538 Exjesuitae,
1300 498 1382 530 inter
1400 509 1476 540 quos
1530 500 1684 541 suppressi
1700 501 1885 533 continuant
1902 511 2027 543 operam
2043 513 2131 535 suam

1045 541 1196 573 Patritius
1224 542 1359 580 Gordon‚
1388 548 1477 575 erant
1530 549 1566 576 ut
1588 549 1689 577 antea.

62 495 168 526 Mariae
184 499 278 527 antea
293 495 506 533 confessarius,

62 543 227 571 revocatur
244 539 277 571 in
296 540 421 581 regiam.

43 716 92 749 Jo.
133 716 168 748 de
201 716 341 755 Gusmdo,
377 716 506 749 ultimus

62 761 231 793 Lusitaniae
258 760 423 799 Assistens,
452 771 506 793 no-

62 805 145 837 mine
158 806 215 837 600
228 805 386 837 Sociorum
398 810 505 847 postu-

62 849 118 888 lat,
141 853 178 881 ut
199 850 390 881 Jesuitarum
413 860 507 882 causa

62 894 94 925 in
114 894 229 935 judicio
250 898 400 936 ageretur.

560 494 733 535 Exjesuitae
751 496 783 527 in
802 497 993 537 possessione

560 539 735 571 scholarum
778 544 810 572 et
851 541 994 582 praeside-

560 583 638 615 bant
657 584 814 616 laboribus
833 584 993 617 litterariis

559 631 592 660 et
631 628 699 660 aliis
741 629 781 660 ad
820 629 992 661 utilitatem

559 682 754 705 communem
766 673 990 714 spectantibus.

558 718 709 750 Maximil,
739 719 810 748 Hell
839 718 871 759 (†
901 718 992 760 1792)

559 761 704 793 excelluit
725 765 762 793 ut
783 765 990 800 astronomus,

559 806 707 842 Rogerius
731 807 936 838 Boscowieius
960 807 992 848 (†

559 849 650 891 1787)
665 854 702 882 ut
716 850 862 892 physicus
880 855 912 882 et
927 861 991 882 ma-

558 894 755 926 thematicus.
802 896 896 932 Sigm.
916 896 990 928 Ant.

558 946 661 969 eomes
674 940 711 970 de
724 940 914 971 Hohenwart
927 939 990 971 fae-

558 986 608 1014 tus
647 987 694 1015 est
743 983 990 1025 archiepiscopus

558 1026 739 1059 Viennensis
757 1027 789 1069 (†
807 1028 907 1069 1820).

39 1559 116 1591 1780
142 1559 249 1592 Romae
270 1559 364 1602 legati
384 1560 500 1600 Gallice,
535 1559 613 1593 1780
633 1560 810 1592 Stralsundi
832 1564 864 1592 et

57 1604 90 1635 H
91 1604 231 1644 ispanias,
259 1604 428 1637 Iassitaniae
454 1615 501 1637 so-

56 1647 500 1690 lemniterprotestanturcon-
534 1649 611 1680 1790
630 1649 751 1681 Sverini
771 1653 807 1681 ut
825 1650 986 1681 missiona-

58 1696 108 1725 tra
143 1695 278 1725 Domum
312 1696 500 1732 probationis
552 1693 615 1725 rius
633 1693 718 1735 degit
735 1693 802 1735 AEg.
821 1694 985 1726 Duchesne

56 1741 196 1778 apertam
224 1738 353 1770 Poloeiae
368 1738 400 1770 in
417 1739 499 1771 Alba
552 1737 595 1779 (S.
615 1738 669 1780 J.).

58 1782 179 1815 Russia.

247 3115 307 3149 374

530 2272 609 2305 1786
624 2272 657 2304 in
669 2275 707 2305 R.
719 2273 752 2305 N
753 2273 921 2314 eomaqemi
932 2273 984 2305 de-

549 2316 667 2358 gebant
694 2316 867 2359 Exjesuitae
892 2317 983 2350 Nico-

549 2360 765 2404 lausPathuys
772 2362 862 2404 (ingr.
871 2362 898 2395 5.
905 2362 980 2395 Dec.

550 2407 641 2447 1743)
663 2410 695 2438 et
718 2406 983 2449 Huberti'ffiujus

550 2450 741 2492 cognominis
779 2451 984 2483 inveniuntur

549 2494 568 2526 3
600 2495 633 2527 in
664 2495 808 2537 catalogo
840 2496 916 2528 1771
950 2496 982 2527 in

548 2538 981 2582 FlandroBelgicae:Jacobus‚

548 2583 695 2623 Joannes,
730 2584 874 2624 Michaeh
914 2585 982 2627 quis

551 2638 589 2660 ex
601 2628 675 2661 his3
686 2629 770 2661 Pnon
778 2629 900 2671 liquet),
915 2629 981 2671 qui-

549 2672 606 2705 bus
630 2674 708 2706 1792
730 2673 856 2706 additus
878 2678 927 2706 est
943 2674 978 2707 P.

549 2717 702 2750 Henrious
723 2718 896 2760 Fonteyne.

527 2806 724 2839 1762-1788
731 2807 901 2839 stationem
905 2807 980 2839 Am-

546 2851 786 2884 stelodamensem
797 2851 980 2885 moderaba-

546 2897 600 2927 tur
638 2895 805 2938 Exjesuita
842 2896 980 2929 Mathias

547 2940 738 2973 Thomassen
744 2942 823 2981 (nat.
832 2941 879 2974 16.
887 2940 977 2974 Febr.

546 2985 634 3024 1719,
655 2985 732 3028 ingr.
751 2985 778 3018 2.
792 2985 862 3019 Oct.
877 2985 977 3028 1737).

712 3118 772 3152 375

1045 585 1239 618 missionarii.

1206 3120 1266 3155 376

1509 810 1586 841 1777
1619 810 1791 851 Exjesuitae
1823 812 1842 843 4
1874 812 1959 844 missi
1992 818 2066 846 sunt
2099 815 2131 847 in

1528 854 1714 896 Cayennam,
1738 856 1811 897 quia
1832 866 1923 888 nemo
1955 857 2043 897 alius,
2078 860 2131 901 qui

1526 898 1664 940 linguam
1683 899 1817 938 calleret,
1836 900 1983 933 inventus
2003 908 2059 935 est.

1507 1165 1584 1197 1778
1609 1166 1707 1204 „Cum
1731 1167 1815 1198 omni
1837 1166 1950 1200 laude“
1972 1169 2006 1200 in
2028 1169 2130 1202 insula

1529 1209 1608 1241 Tino
1637 1211 1825 1243 continuant
1861 1212 2038 1245 missionem
2067 1214 2130 1247 Ex-

1524 1254 1646 1295 jesuitae
1662 1255 1772 1287 Franc.
1791 1255 1932 1289 Lalomia
1949 1261 1980 1289 et
1998 1258 2129 1291 Vincen-

1526 1299 1587 1330 tius
1614 1299 1729 1341 Agazio
1757 1301 1998 1342 ‚‚pauperrimi“.

1505 1565 1581 1597 1781
1604 1566 1793 1608 Superstites
1817 1572 1906 1600 erant
1928 1568 1960 1600 in
1983 1569 2128 1602 missione

1523 1610 1733 1651 Mayssurensi
1765 1613 1783 1643 2
1815 1611 1987 1654 Exjesuitae
2018 1616 2128 1647 Fraus.

1524 1655 1601 1687 Xav.
1628 1657 1744 1687 Pavoni
1770 1660 1802 1688 et
1827 1658 1934 1688 Petrus
1959 1660 2128 1697 mochona,

1524 1699 1577 1740 qui
1592 1699 1762 1732 laudantur
1784 1711 1803 1733 a
1818 1701 1849 1734 S.
1867 1701 1960 1744 Cong.
1979 1702 2017 1735 de
2032 1703 2125 1745 Prop.

1522 1743 1653 1776 Mortuis
1671 1744 1843 1786 Exjesuitis
1861 1746 1893 1778 in
1913 1746 2010 1779 Iudiis
2029 1748 2127 1780 orien-

1523 1787 1638 1821 talibus
1649 1789 1801 1831 paulatim
1808 1796 2022 1824 successerunt
2028 1802 2126 1824 sacer-

1523 1832 1611 1865 dotes
1639 1835 1719 1867 Sem.
1742 1834 1924 1867 Missionum
1948 1840 2125 1869 exterarum

1521 1877 1712 1911 Parisiensis.

1503 2144 1580 2176 1783
1605 2145 1772 2178 Lazaristae
1796 2147 1829 2178 in
1853 2146 1956 2179 locum
1981 2147 2124 2190 Exjesui-

1521 2190 1809 2266 ¹tlagrmuml{gignituti
1829 2190 1983 2224 advenere
2002 2193 2034 2225 in
2055 2193 2125 2225 Chi—

1499 2500 1586 2533 1785.
1599 2501 1627 2533 5.
1641 2500 1736 2543 Jul.†
1753 2501 1786 2533 in
1798 2502 1936 2535 Laknow
1956 2503 2123 2545 Exjesuita

1522 2545 1587 2578 sos,
1607 2547 1825 2585 nenentauer,
1843 2557 1925 2579 anno
1940 2549 2044 2580 aetatis
2059 2549 2122 2588 83.‚

1517 2593 1590 2630 post
1619 2589 1801 2623 diuturnam
1831 2591 1930 2624 vitam
1958 2592 2122 2625 missionu-

1517 2633 1595 2665 riam
1616 2634 1648 2666 in
1668 2634 1780 2677 Mogol,
1814 2635 1914 2668 clarus
1935 2637 2030 2669 etiam
2050 2647 2121 2679 geo-

1014 2674 1091 2706 1787
1113 2674 1150 2707 In
1170 2675 1285 2726 Anglia
1293 2675 1466 2727 funguntur
1516 2678 1653 2720 graphus
1674 2679 1828 2721 (sepultus
1848 2681 1960 2723 Agrae).

1033 2729 1160 2752 munere
1202 2730 1464 2753 missmnanorum

1034 2765 1070 2796 77
1086 2764 1266 2806 Exjesuitae.

1768 3123 1829 3158 377
