2372 3550
94 340 253 377 Hispania,
274 339 432 369 Lusitania
579 337 752 373 Germania,
774 337 914 373 Belgium

1098 337 1221 373 Anglia,
1243 337 1371 367 Polonia

1648 335 1808 364 Missiones
1829 335 1946 364 exterae

28 467 104 498 1599
122 466 242 498 Publici
259 466 336 507 juris
354 465 394 497 fit
410 465 488 497 liber

51 512 179 542 Joannis
211 512 359 541 Marianae
392 510 421 541 S.
456 510 485 541 J.

48 554 193 596 Hispani:
206 554 244 586 de
257 555 340 595 Rege
352 557 384 585 et
395 554 487 595 Regis

47 599 243 631 institutione
263 598 335 630 libri
358 598 416 630 III.
438 597 489 629 Ad

46 643 226 684 Philippum
268 642 326 674 III.
390 642 489 674 Toleti

48 688 131 728 apud
146 688 274 718 Petrum
291 686 486 718 Rodericum.

47 731 79 757 In
92 739 144 765 quo
156 730 223 756 libro
236 730 285 756 sub
299 730 408 756 diversis
422 730 492 756 clau-

46 766 109 792 sulis
132 766 338 799 tyrannicidium
362 766 492 800 permitti-

46 804 91 828 tur
102 803 129 828 et
141 801 240 828 occisor
252 801 360 827 Henrici
373 801 423 827 III.
436 801 492 827 lau-

47 837 127 863 datur
155 837 228 871 (‚,Sic
256 837 375 863 Clemens
405 837 492 871 periit,

47 875 175 899 aeternum
210 872 302 899 Galliae
337 872 426 903 decus,
462 874 494 898 ut

48 908 178 943 plerisque
196 908 282 934 visum
301 907 379 942 est“).
415 908 494 934 Multi

48 943 92 970 alii
101 943 218 978 theologi
227 945 255 970 et
263 943 314 977 ipsi
323 943 402 970 duces
411 951 493 969 nova-

48 981 137 1006 torum
180 979 290 1005 eandem
332 979 493 1005 sententiam

47 1014 184 1041 tenebant.
246 1014 386 1041 Societatis
432 1022 495 1040 vero

47 1050 164 1084 theologi
189 1050 296 1084 plurimi
321 1058 380 1076 eam
406 1058 494 1084 repro-

49 1086 156 1116 barunt,
174 1088 202 1111 et
218 1085 362 1120 Aquaviva
379 1094 437 1111 eam
455 1093 493 1111 se-

48 1129 110 1147 vero
131 1121 217 1147 edicto
239 1121 376 1156 prohibuit
396 1121 470 1147 1610.

526 509 603 540 1600
630 509 758 540 Jesuitae
786 509 977 541 comitantur

545 553 715 585 exercitum
727 553 915 585 catholicum
927 563 977 584 us-

547 608 605 638 que
622 598 655 628 in
674 602 873 638 conspectum
892 597 976 628 urbis

543 642 692 679 Ostendoe;
733 642 751 673 3
794 642 884 673 occisi
927 641 965 673 ab

545 686 706 718 haereticis.

31 1220 118 1252 1601.
146 1220 193 1251 16.
221 1219 295 1260 Maj.
325 1219 344 1260 †
372 1219 493 1260 Hispali
530 1218 614 1249 1601.
637 1217 872 1259 †Wenceslaus
895 1219 979 1248 Stur-

50 1263 204 1305 pestiferis
227 1264 361 1295 serviens
381 1264 416 1295 P.
430 1264 494 1294 An-
548 1264 638 1299 mius,
671 1266 814 1293 strenuus
846 1261 980 1293 debella-

52 1308 152 1339 tom'us
173 1307 342 1346 Oorffsius,
365 1307 491 1349 praecla-
548 1311 598 1338 tor
624 1306 825 1337 Picardorum
859 1306 891 1337 in
921 1306 979 1337 Bo-

51 1363 102 1384 rus
112 1356 149 1384 ut
155 1352 297 1384 subditus
309 1357 340 1384 et
347 1352 493 1393 superior.
547 1351 659 1382 hemia.

33 1486 108 1517 1601
128 1485 250 1517 Primus
269 1485 347 1526 lapis
366 1485 495 1526 ponitur
529 1485 604 1516 1601
617 1484 816 1516 Restauratio
827 1483 981 1516 catholica

51 1529 187 1562 tirocinii
194 1529 494 1571 Ulyssiponensis.—
548 1529 586 1560 M
588 1528 725 1569 oquntioe,
743 1528 884 1567 Treviris,
900 1528 990 1560 Bam.-

52 1574 155 1615 Coepit
184 1574 341 1615 juniorum
374 1584 392 1606 a
423 1584 493 1606 con-

52 1618 138 1650 victu
164 1623 382 1650 veteranorum
408 1629 494 1660 sepa-

52 1663 143 1695 ratio.

548 1573 639 1614 berqae
661 1577 718 1605 etc.

35 1841 120 1872 1602.
153 1841 198 1872 15.
230 1840 301 1873 Jan.
332 1841 494 1882 Egregiam

1018 1839 1093 1870 1602
1129 1839 1210 1870 Socii
1247 1839 1401 1870 Vilrwnsis
1437 1840 1468 1871 C.

1494 506 1607 538 Versus
1634 506 1711 538 1600
1738 506 1833 538 etiam
1861 506 1996 547 theologi
2022 506 2052 537 S.
2082 506 2111 537 J.

1515 561 1610 592 quum
1628 551 1691 589 alii,
1710 554 1778 582 turn
1795 550 1917 582 Molina
1934 554 1966 582 et
1982 550 2114 582 Sanchez

1512 595 1654 627 illicitam
1691 599 1723 626 et
1757 595 1908 636 injustam
1944 594 2115 636 probavere

1514 639 1757 681 negotiationem
1779 639 1973 671 venaliciam.

1495 772 1577 804 Socii
1587 772 1618 804 in
1626 772 1764 804 America
1777 771 1976 810 obstiterunt,
1986 782 2023 803 ne
2037 771 2116 803 indi-

1514 826 1601 858 genae
1614 817 1730 858 injuste
1741 821 1953 848 tractarentur
1968 827 1986 848 a
2001 816 2116 848 colonis

1516 861 1689 902 Europaeis:
1717 861 1759 893 sic
1787 860 1922 892 Didaeus
1948 860 1983 892 de
2011 860 2116 892 Turres

1516 906 1548 937 in
1571 905 1772 947 Paraquaria,
1799 905 1941 937 Valdivia
1963 905 1997 936 in
2021 904 2115 937 Chile.

1499 1216 1584 1247 1601.
1599 1217 1645 1248 24.
1660 1216 1731 1248 Jan.
1746 1217 1912 1247 Matthaeus
1924 1217 2008 1247 Ricci
2020 1216 2119 1257 ingre-

1519 1260 1604 1291 ditur
1626 1260 1729 1292 aulam
1752 1260 1867 1301 regiam
1890 1260 2056 1292 Sinensem.
2082 1279 2119 1282 —

1518 1304 1615 1336 Nicol.
1650 1304 1861 1345 Lonqobardus
1894 1305 1926 1336 in
1959 1305 2121 1346 provincia

1524 1349 1714 1386 Quantunia.

1500 1483 1575 1514 1601
1592 1483 1768 1514 Christianis
1788 1484 1816 1515 s.
1832 1484 1959 1514 Thomae
1975 1483 2007 1514 in
2024 1482 2122 1514 Indiis

1519 1527 1680 1568 episcopus
1699 1526 1935 1568 Angamalensis
1955 1526 2050 1558 datur
2069 1527 2122 1558 Je-

1519 1571 1612 1609 suita,
1635 1571 1816 1603 Franciscus
1838 1571 1946 1603 Rozus.

1504 1705 1578 1737 1601
1619 1704 1716 1736 Primi
1752 1704 1929 1737 sacerdotes
1967 1705 2107 1747 Japones

1525 1749 1661 1781 ordinati
1681 1749 1720 1781 ab
1741 1749 1884 1791 episcopo
1905 1749 2039 1781 Jesuita.

55 1884 287 1926 operisMolinae
298 1885 506 1917 defensionem
531 1884 607 1915 1604
636 1886 666 1916 C.
697 1883 922 1915 constantiense
950 1888 981 1915 et
1037 1883 1151 1915 multos
1182 1883 1380 1915 Calvinianos
1412 1883 1469 1915 Ec·
1503 1883 1588 1915 1603.
1631 1883 1666 1914 In
1705 1883 1841 1924 Japonia
1878 1882 2125 1914 numerabantur

55 1929 205 1961 Clementi
215 1929 302 1961 VIII.
317 1929 409 1961 offert
422 1929 495 1961 Uni-

55 1974 185 2005 versitas
205 1973 408 2014 Hispalensis.

549 1928 799 1969 Glayenfurtense.

533 2151 610 2182 1604
639 2150 840 2192 Magistratus
873 2150 983 2182 Pader-

553 2195 705 2227 bornensis
722 2195 918 2236 persequitur
930 2195 983 2227 So-

39 2240 115 2271 1603
151 2239 316 2271 Vallisoletz'
347 2241 366 2272 3
399 2240 499 2272 Persae

57 2284 282 2323 Mahumetani,
337 2295 375 2316 ex
417 2285 497 2327 lega-

59 2328 142 2360 tione
154 2328 285 2367 Pensica,
298 2328 508 2370 baptizantur.

552 2284 724 2316 liberantur
734 2294 753 2315 a
763 2283 881 2315 Comite
900 2284 984 2316 Riet-

554 2328 703 2370 bergensi.

42 2550 119 2582 1604
146 2552 176 2583 C.
206 2550 434 2592 Portaleqrense.
464 2570 502 2573 —

62 2594 241 2636 Occupatur
271 2597 302 2627 C.
336 2595 502 2627 Flaviobri-

61 2649 146 2680 qense
183 2639 320 2681 (Bilbao)
358 2643 504 2681 superata

63 2683 256 2724 oppositione
284 2688 406 2716 armata
433 2684 505 2716 cleri

63 2731 96 2759 et
116 2727 264 2760 laicorum
287 2728 434 2760 civitatis.

556 2594 687 2626 Paderb.
718 2595 860 2636 princeps
890 2597 987 2626 Theo-

558 2641 649 2670 dorus
666 2648 685 2669 a
701 2641 903 2676 Furstenberg
919 2639 988 2670 fun—

559 2684 616 2715 dat
626 2685 656 2715 c.
670 2683 922 2722 Paderbornense;
932 2694 988 2715 nu-

561 2776 628 2804 erat
664 2772 730 2810 200,
770 2772 846 2803 1607
883 2776 988 2804 autem

560 2817 627 2855 400,
641 2825 822 2857 semperque
833 2816 998 2848 crescebat.

45 2860 122 2910 1605
143 2860 317 2893 Primordia
338 2859 378 2892 Ci-
400 2861 506 2893 Oscen-

65 2915 116 2936 svs.

254 3126 311 3158 126
730 3126 788 3159 127

1037 1928 1135 1959 clesiae
1155 1928 1364 1960 reconciliant.

1019 2105 1214 2137 1603——1613
1226 2106 1400 2137 Renovatio
1411 2106 1470 2147 spi-

1038 2150 1116 2181 ritus
1129 2150 1243 2182 ordinis
1255 2150 1284 2182 S.
1299 2150 1406 2182 Basilii
1418 2160 1472 2191 per

1038 2195 1187 2233 Jesuitas,
1210 2194 1262 2236 qui
1284 2194 1419 2226 educant
1440 2195 1468 2226 S.

554 2240 615 2271 cios
650 2244 682 2271 et
717 2239 894 2278 catholicos,
932 2240 984 2281 qui
1039 2239 1258 2280 Josaphatum.

1042 2594 1137 2626 falsus
1154 2594 1186 2625 in
1203 2594 1332 2626 Polonia
1348 2604 1473 2626 conver-

1522 1928 1602 1959 Socii
1621 1928 1686 1966 120,
1705 1927 1861 1959 domicilia
1877 1927 1923 1959 23.
1962 1927 2006 1959 At
2022 1927 2124 1959 immi—

1522 1972 1617 2004 nebat
1636 1972 1818 2013 persecutio.
1840 1971 2019 2013 Complures
2038 1971 2124 2004 Chri-

1523 2017 1625 2054 stiani,
1645 2017 1739 2048 etiam
1758 2016 1899 2048 mulieres
1918 2020 1950 2048 et
1966 2016 2054 2057 pueri
2071 2025 2123 2047 ne-

1523 2066 1642 2098 cantur,
1660 2061 1845 2092 Daifusama
1863 2060 2062 2102 Imperatore.

1505 2239 1581 2270 1603
1601 2240 1707 2271 Franc.
1728 2240 1833 2276 zgoda
1852 2242 1888 2270 ut
1906 2238 2051 2279 captivus
2070 2247 2124 2269 vo-

1522 2283 1676 2314 luntarius
1702 2283 1796 2325 legati
1823 2293 1841 2314 a
1867 2282 1979 2324 Magno
2006 2282 2124 2314 Chamo

1524 2328 1673 2359 Tartariae
1692 2327 1731 2359 ad
1751 2337 1852 2369 regem
1872 2327 2008 2358 Poloniae
2028 2326 2124 2365 missi,

1524 2371 1607 2413 apud
1623 2371 1744 2411 Cassam
1759 2372 1799 2404 ad
1814 2372 1951 2403 Pontum
1964 2371 2124 2403 Euxinum

1525 2416 1631 2448 condit
1659 2416 1835 2448 missionem
1864 2416 1946 2448 inter
1972 2418 2126 2447 Tartarus.

538 2551 623 2583 1604.
649 2551 676 2582 8.
703 2550 787 2591 Sept.
815 2550 986 2591 Episcopus
1022 2550 1099 2581 1604
1112 2568 1150 2572 —-
1163 2550 1239 2581 1608
1296 2550 1473 2581 Demetrius
1507 2550 1583 2582 1604
1602 2550 1777 2581 Balthassar
1795 2549 1936 2581 Barreira
1953 2549 2044 2590 erigit
2060 2559 2127 2581 cru-

1526 2605 1592 2626 cem
1608 2595 1640 2626 in
1656 2594 1746 2626 litore
1762 2594 1874 2634 Afrieae
1890 2594 2079 2626 occidentalis
2096 2598 2128 2625 et

1043 2638 1135 2676 titur;
1173 2639 1302 2670 Jesuitae
1338 2638 1370 2669 in
1407 2638 1474 2679 ejus
1526 2639 1669 2680 baptizat
1687 2648 1788 2680 regem
1808 2639 1905 2670 Serrae
1925 2638 2036 2670 Leonis
2056 2648 2126 2670 cum

1044 2683 1180 2714 exercitu
1218 2687 1254 2714 ut
1291 2682 1475 2714 missionarii
1526 2683 1633 2715 multis
1653 2683 1796 2715 subditiS.

559 2737 660 2760 merus
693 2727 878 2759 scholarium
912 2728 989 2759 1605
1044 2731 1222 2759 castrenses.

1025 2860 1102 2891 1605
1112 2860 1292 2901 Conjuratio
1302 2859 1479 2901 pulveraria

1044 2904 1077 2935 in
1095 2904 1217 2946 Anglia.
1240 2906 1390 2935 Hem-leus
1398 2905 1475 2935 Gar-

1045 2951 1144 2986 netus,
1157 2949 1210 2990 qui
1220 2948 1384 2980 dicebatur
1394 2958 1477 2980 com-

1045 2992 1126 3034 plex,
1137 2997 1237 3025 morte
1247 2993 1394 3032 afficitur,
1405 2993 1481 3025 item

1044 3037 1199 3069 odoardus
1215 3037 1389 3070 Oldcomus.

1225 3126 1282 3158 128

1786 3125 1844 3158 129
