2372 3550
26 243 519 351 antiqua
565 245 1153 335 1540—1773.

19 386 441 444 1540—1556.

20 488 260 541 Ignatius.

87 640 245 676 Hispania,
267 639 425 668 Lusitania
494 605 500 710 Ι
572 639 746 675 Germania,
768 641 908 677 Belgium

19 766 55 797 In
93 765 251 806 Hispania
288 775 342 807 per
380 765 477 797 Elisa·
515 765 973 809 Episcoporumprincipumfa-
1001 769 1121 811 Anylioe
1171 781 1309 813 regnum,

36 810 173 849 betham,
188 809 328 842 Castellae
340 810 477 851 reginam

37 854 258 895 (1474-1504)
269 858 300 886 et
309 854 477 886 Ferdinan-

37 899 121 938 dum,
168 909 269 940 regem
315 899 478 940 Aragoniae

37 943 70 985 (†
88 944 178 985 1516)
206 953 254 975 res
283 943 417 984 politicae
446 948 478 975 et

34 987 181 1029 religiosae
200 987 232 1019 in
252 988 370 1019 meliori
390 992 476 1020 statu

37 1042 129 1073 quam
141 1036 234 1064 antea
243 1032 423 1064 constitutae
432 1033 479 1064 fu-

35 1080 126 1108 erunt
141 1081 173 1108 et
188 1077 338 1118 imprimis
355 1077 476 1109 ordines

33 1121 173 1163 religiosi,
194 1131 324 1162 quorum
343 1121 475 1163 discipli-

34 1175 75 1197 na
84 1165 225 1198 relaxata
234 1166 345 1204 fuerat,
358 1176 385 1197 m
391 1166 475 1198 eritis

34 1210 204 1242 Cardinalis
231 1210 369 1242 Cisneros
407 1210 475 1251 (Xi-

33 1265 138 1286 menes
149 1255 168 1296 †
179 1255 269 1296 1517)
279 1254 374 1286 solide
384 1255 477 1287 refor-

33 1299 120 1331 mati.
143 1299 190 1330 De
205 1298 284 1330 clero
300 1303 405 1331 autem
421 1309 474 1331 sae-

33 1343 137 1382 culari,
157 1343 330 1375 officiorum
349 1354 473 1375 suorum

33 1387 101 1428 plus
127 1388 269 1420 minusve
295 1388 473 1420 immemore

33 1436 64 1464 et
75 1432 166 1464 rebus
178 1432 344 1464 mundanis
356 1433 471 1472 dedito,

32 1476 162 1518 ideoque
183 1477 277 1509 etiam
300 1477 337 1509 de
358 1477 472 1519 populo

30 1520 192 1562 ignorante
212 1525 244 1553 et
262 1521 369 1554 multis
388 1522 473 1554 vitiis

30 1565 174 1598 immerso
190 1566 291 1598 adhuc
307 1566 364 1598 sub
379 1577 472 1608 regno

31 1610 131 1642 Caroli
149 1610 172 1642 I.
191 1610 413 1652 (1516--1556)
430 1611 472 1643 la-

30 1654 254 1687 mentabantur
276 1655 334 1686 viri
358 1655 472 1688 sincere

31 1699 175 1731 catholici
188 1704 220 1732 et
233 1700 472 1742 historiographi

29 1753 148 1785 graves.
181 1744 331 1776 Attamen
343 1745 472 1777 haeresin

31 1788 234 1821 execrabatur
267 1789 399 1831 populus
427 1790 473 1821 hi-

30 1843 154 1874 spanus,
176 1833 209 1865 in
232 1843 292 1875 quo
311 1833 389 1866 fides
401 1844 470 1876 pro-

29 1877 125 1909 funde
157 1878 298 1910 radicata
330 1883 405 1918 erat,
441 1883 472 1911 et

30 1932 184 1963 praecones
211 1923 319 1955 erroris
345 1933 470 1965 paucos,

31 1967 83 2008 qui
105 1967 280 1999 concionari
302 1968 470 2008 audebant,

30 2021 134 2044 severe
155 2012 257 2054 puniri
278 2013 387 2045 voluit.

10 2500 46 2532 In
65 2500 227 2533 [lusitania
246 2501 364 2533 divitiae
384 2512 399 2534 e
420 2506 468 2535 tot

27 2545 115 2577 novis
134 2545 222 2577 terris
240 2545 405 2578 affluentes
423 2547 468 2578 lu-

27 2599 111 2628 xum,
126 2590 376 2629 ostentationem,
389 2591 468 2623 iner-

27 2634 113 2673 tiam,
146 2644 267 2666 morum
298 2636 468 2677 corruptio-

27 2688 97 2710 nem
108 2679 263 2712 foverunt.
297 2680 467 2712 Hominum

26 2732 171 2755 numerus
188 2723 420 2756 diminuebatur
436 2729 468 2757 et

27 2767 214 2808 agricultura
233 2768 411 2810 languebat.

537 815 603 842 stus
629 812 790 851 saecularis,
818 812 890 844 cleri
916 824 966 845 cu—

536 855 597 887 rati
610 855 794 897 ignorantia,
809 857 923 889 inertia
937 862 968 890 et

536 900 653 932 malum
679 901 864 942 exemplum,
889 902 967 933 mul-

536 948 639 976 torum
670 946 928 978 monasteriorum
949 957 968 978 a

536 989 698 1030 disciplina
732 990 881 1031 primaeva
916 991 966 1023 de-

535 1033 637 1072 sectio,
654 1034 827 1075 principum
843 1036 966 1067 saecula—

534 1078 614 1109 rium
639 1083 769 1110 conatus
794 1081 966 1121 occupandi

535 1122 617 1154 bona
633 1123 847 1162 ecclesiastica,
865 1129 897 1156 et
912 1135 965 1166 po-

535 1167 657 1198 testatis
667 1167 874 1209 imperatoriae
884 1169 967 1201 debi-

533 1211 605 1243 litas
633 1212 664 1243 in
691 1212 853 1245 Germania
881 1214 964 1245 viam

533 1256 752 1297 praeparabant
778 1262 963 1290 novatorum

533 1301 824 1334 machinationibus.

532 1612 618 1644 1517.
636 1613 683 1645 31.
702 1613 770 1646 Oct.
808 1614 963 1647 Lutherus

531 1656 570 1687 95
589 1657 690 1689 theses
710 1658 825 1699 templo
845 1659 963 1691 castelli

532 1700 806 1744 Wittenbergensis
828 1703 941 1737 affixit.

979 610 986 716 Ι

1091 645 1213 681 Anglia,
1235 646 1363 676 Polonia

1021 814 1061 845 tis
1084 814 1170 846 bellis
1192 816 1319 849 ineunte
1342 818 1451 849 saeculo

1020 858 1107 891 XVI.
1137 860 1256 901 quievit
1283 861 1340 893 sub
1368 862 1452 894 Hen-

1019 903 1082 934 rico
1114 904 1185 936 VII.
1218 906 1449 948 (1485—1509),

1019 948 1063 979 At
1114 948 1247 980 Wicleffi
1310 951 1452 983 doctrina

1019 993 1205 1025 numerabat
1237 999 1386 1035 patronos
1419 996 1450 1027 in

1019 1036 1156 1077 digniore
1191 1038 1280 1077 clero,
1316 1040 1348 1071 in
1385 1041 1451 1072 uni-

1019 1082 1166 1114 versitate
1203 1083 1381 1122 Oxoniensi‚
1418 1086 1450 1116 in

1019 1126 1205 1166 quibusdam
1284 1128 1448 1167 nobilibus,

1019 1170 1070 1211 qui
1110 1170 1199 1203 bonis
1238 1173 1449 1205 ecclesiasticis

1641 649 1801 679 Missiones
1822 651 1939 680 exterae

1373 774 1453 815 sopi-
1486 775 1562 806 1492
1582 775 1749 808 Columbus
1767 777 1881 818 reperit
1899 778 2083 811 Americam.

1017 1214 1191 1253 inhiabant,
1226 1221 1321 1258 atque
1367 1218 1450 1249 Hen-
1483 1220 1560 1251 1498
1587 1220 1686 1252 Vasco
1714 1221 1752 1253 de
1779 1222 1880 1254 Gama
1906 1223 2036 1265 appellit
2063 1225 2103 1256 ad

1017 1259 1113 1290 ricum
1141 1260 1229 1292 VIII.
1267 1263 1449 1304 (1509—47)
1504 1263 1635 1297 Indiam⁴

1017 1304 1116 1344 primo
1169 1305 1264 1345 pium,
1319 1307 1449 1339 subinde

1016 1348 1449 1427 igititiumAirilceseshifflolauhiss—

1017 1419 1125 1469 debilis
1152 1404 1259 1478 olenii),
1287 1405 1369 1490 ίὲῖεῌ
1395 1423 1448 1482 paI

1016 1491 1089 1522 pam
1133 1486 1165 1514 et
1206 1493 1308 1525 regem
1352 1495 1448 1517 incer-

1017 1531 1067 1558 tus
1106 1526 1273 1560 fluctuans.
1328 1529 1448 1561 Eduar-

1017 1570 1074 1602 dus
1128 1571 1181 1604 VI.
1225 1574 1448 1616 (1547—1553)

1016 1615 1145 1648 favebat
1176 1618 1393 1656 novatoribus;
1405 1629 1450 1651 re-

1016 1660 1194 1701 sipiscentes
1214 1662 1355 1694 subditos
1374 1664 1444 1695 Ma-

1015 1705 1063 1735 ria
1081 1705 1304 1748 (1553—1558)
1323 1708 1448 1740 reduxit

1482 1442 1559 1473 1500
1581 1443 1691 1475 Cabral
1711 1444 1743 1475 in
1766 1445 1905 1478 Brasilia.

1016 1749 1055 1780 ad
1069 1749 1163 1782 fidem
1176 1751 1349 1791 pristinam.
1386 1752 1447 1784 Eli-
1481 1754 1557 1785 1519
1574 1755 1681 1787 Cortez
1698 1756 1729 1787 in
1747 1756 1899 1798 Hispania
1915 1768 1998 1790 nova
2025 1759 2101 1799 (Me-

1015 1794 1125 1826 sabeth
1137 1800 1242 1827 autem
1253 1797 1449 1839 (1558-1603)
1499 1799 1590 1840 xieo).

1015 1838 1140 1880 reliquit
1154 1849 1204 1871 eos
1219 1840 1325 1882 plenos
1341 1842 1446 1873 catho-

1013 1883 1064 1915 lici
1085 1885 1218 1916 nominis
1240 1886 1319 1918 odio.

511 2103 596 2135 1521.
611 2103 639 2135 3.
655 2103 725 2136 Jan.
741 2105 896 2137 Lutherus
910 2116 962 2138 ex·
993 2106 1094 2138 scotia
1131 2108 1242 2139 sensim
1279 2119 1334 2150 per
1369 2120 1444 2151 prae-

518 2149 773 2181 communicatur.

1014 2151 1102 2188 sules,
1118 2151 1242 2191 clerum,
1257 2155 1445 2186 monasteria

1012 2195 1149 2227 moribus
1175 2196 1365 2230 obsolescens
1391 2209 1444 2230 au-

1013 2240 1134 2280 spicata
1146 2245 1193 2273 est
1207 2242 1440 2276 saeculumXVI.

1013 2284 1148 2317 obnoxia
1158 2287 1446 2324 novatoribusanox

1011 2328 1139 2361 haeresin
1161 2331 1351 2372 amplexura.

1478 2067 1672 2098 1520—1522
1698 2068 1798 2109 prima
1822 2069 2098 2112 circumnavigatio

1497 2115 1594 2143 terrae.

508 2504 593 2536 1530.
616 2505 663 2536 25.
685 2504 758 2537 Jun.
800 2506 956 2538 Confessio
992 2506 1028 2538 In
1045 2507 1174 2540 Polom‘a
1189 2509 1335 2541 nobilitas
1351 2511 1441 2542 avide
1475 2512 1564 2543 Novo
1588 2512 1660 2544 orbe
1682 2522 1737 2554 per
1758 2514 1860 2545 varias
1883 2515 2095 2555 expeditiones

526 2548 718 2590 Augustana.

1012 2552 1163 2593 captabat
1181 2563 1283 2585 rerum
1300 2555 1441 2587 novatio-

1010 2606 1090 2635 nem,
1112 2607 1181 2638 quae
1200 2608 1234 2629 eo
1254 2599 1352 2640 magis
1372 2610 1441 2641 pro-

1009 2641 1216 2682 grediebatur,
1248 2653 1309 2684 quo
1338 2645 1440 2676 minus

1009 2685 1078 2726 pius
1090 2690 1121 2718 et
1132 2687 1242 2719 doctus
1254 2692 1321 2720 erat
1332 2688 1439 2728 clerus,

1010 2733 1041 2761 et
1075 2740 1135 2772 quo
1159 2732 1318 2772 pauciores
1352 2738 1441 2765 erant

1009 2775 1120 2807 scholae
1141 2776 1308 2809 catholicae.

1493 2561 1615 2597 reperto
1635 2562 1667 2589 et
1682 2558 1734 2589 via
1750 2558 1790 2589 ad
1808 2558 1912 2590 Indias
1932 2559 2095 2592 orientales

1494 2605 1525 2633 et
1537 2601 1741 2634 occidentales
1753 2603 1886 2644 cognita,
1900 2604 2095 2636 vastissimus

1494 2646 1689 2677 missionibus
1707 2657 1834 2688 campus
1852 2648 1992 2688 patebat.
2034 2648 2095 2680 Im-

1493 2700 1616 2722 mensus
1649 2690 1711 2722 fere
1743 2701 1888 2723 numerus
1920 2692 2094 2724 infidelium

1494 2735 1677 2766 cernebatur
1689 2735 1898 2775 instruendus,
1913 2742 2095 2769 converten-

1493 2779 1560 2817 dus,
1592 2779 1768 2812 salvandus.
1826 2781 1924 2818 Quem
1955 2781 2092 2814 laborem

1492 2824 1583 2864 primi
1611 2834 1770 2866 suscepere
1787 2825 1933 2867 Religiosi
1950 2826 2094 2858 ordinum

1492 2868 1543 2900 SS.
1565 2868 1721 2901 Dominici
1740 2874 1772 2901 et
1791 2870 1947 2902 Francisci
1967 2875 1999 2902 et
2030 2871 2092 2909 alii,

1492 2922 1659 2954 eorumque
1686 2914 1828 2955 exempla
1852 2914 1990 2947 Societas
2016 2915 2093 2947 Jesu

1492 2956 1532 2989 ab
1549 2957 1619 2999 ipsa
1634 2957 1700 3000 J‘am
1719 2958 1835 3000 origine
1852 2959 1978 2991 imitata
1996 2964 2051 2992 est.

1767 3101 1786 3132 9
