2372 3550
301 299 437 329 Historia
458 298 715 335 contemporanea

829 276 947 305 Summi
967 275 1142 311 Pontifices,
1166 258 1386 372 jPraepositi
1407 275 1437 304 et
1458 273 1712 309 congregationes

815 320 942 350 Litterae
960 263 1194 379 Apostolioae]
1387 319 1549 349 Generales

1924 295 2025 331 Italia,
2044 295 2143 325 Gallia

224 559 300 590 1588
326 559 468 600 Hispana
494 559 598 591 classis
625 559 764 590 maxima

243 603 326 645 apud
347 603 490 645 Angliam
512 603 600 645 perit.

224 870 300 901 1588
310 870 566 912 Martyrologium
577 870 763 902 Romanum.

242 914 377 946 Annales
400 914 534 946 Baronii.

223 1181 300 1213 1588
323 1181 372 1214 ι10.
396 1181 556 1220 Ρ161011116,
579 1182 628 1213 vir
649 1182 763 1224 oppido

243 1226 391 1264 eruditus,
421 1226 453 1257 in
482 1226 616 1267 Spirensi
646 1227 764 1259 (1.Εο-

243 1270 351 1347 (01ξίῗὲαέ
356 1270 572 1303 reconciliatur
588 1271 636 1303 die
653 1271 764 1304 Pente-

224 1538 310 1570 1589.
335 1538 361 1569 1.
384 1537 463 1579 Aug.
487 1537 639 1570 Henricus
663 1538 722 1571 III.
747 1549 765 1571 a

243 1582 362 1614 Jacobo
382 1582 539 1637 Clemente
557 1583 683 1615 occisus.

223 1983 299 2016 Gall.
317 1983 469 2016 Henricus
487 1983 540 2016 IV.
559 1984 764 2016 1589—1610.

230 2605 307 2637 1590
325 2605 347 2637 J
348 2605 472 2644 acobus
491 2606 629 2638 marchio
649 2606 770 2638 Baden-

248 2649 503 2726 ffiassffnvertitur
513 2651 553 2682 ad
562 2650 658 2683 fidem
668 2651 775 2683 catho-

1205 423 1338 465 Hispani
1364 423 1485 464 aliquot
1509 422 1599 461 Socii,
1625 423 1734 455 Franc.
1769 422 1869 454 Ceteri
1890 422 1923 454 in
1946 421 2048 454 Gallia
2069 422 2144 454 socii
2165 422 2210 454 nil
2232 423 2312 454 anti-

1224 468 1353 505 Abreus,
1379 467 1549 499 Consalvus
1573 467 1735 506 Gonzalez,

1225 512 1377 544 Henricus
1393 511 1565 550 Henricius,
1582 511 1643 550 alii,
1660 511 1737 543 duce

1224 556 1375 597 Dionysio
1407 556 1559 597 Vasquez,
1595 556 1647 597 qui
1679 556 1736 587 sub

1226 601 1339 643 Borgia
1351 600 1544 642 gravioribus
1558 600 1737 632 muneribus

1226 646 1350 677 functus
1369 649 1444 683 erat,
1464 644 1640 677 essentialia
1657 655 1737 686 quee-

1225 690 1298 722 dam
1325 689 1592 722 Constitutionum
1616 699 1673 730 ope
1697 689 1737 721 ci-

1225 735 1295 766 vilis
1324 734 1526 776 magistratus
1555 737 1677 765 mutare
1707 737 1738 765 61

1225 790 1289 812 suae
1320 779 1441 811 nationi
1469 778 1680 819 principatum
1705 778 1738 809 in

1224 824 1380 856 Societate
1400 823 1558 855 vindicare
1584 823 1738 854 conaban-

1226 872 1286 901 tur.
1341 868 1449 901 Sixtus
1477 868 1513 900 V.
1543 877 1669 899 causam
1697 867 1737 899 ad

1224 924 1315 945 suum
1330 912 1432 945 forum
1448 912 1556 951 traxit,
1578 915 1610 944 et
1624 922 1737 944 nomen

1227 958 1351 999 quidem
1375 957 1533 996 „Societas
1555 956 1652 988 Jesu“
1674 967 1737 988 non

1225 1002 1284 1034 nisi
1296 1002 1515 1044 impugnatum
1528 1001 1662 1043 reliquit,
1677 1001 1739 1033 alia

1226 1047 1328 1079 multa
1342 1050 1468 1078 mutata
1483 1046 1585 1078 voluit
1600 1056 1630 1078 V.
1647 1056 1675 1088 g.
1692 1056 1738 1077 re-

1226 1091 1401 1133 ceptionem
1421 1091 1454 1122 in
1475 1090 1675 1129 novitiatum‚
1698 1090 1739 1122 ad

1225 1136 1326 1177 prima
1352 1140 1436 1174 vota,
1464 1135 1617 1177 graduum
1639 1135 1741 1167 distri-

1225 1181 1397 1219 butionem,
1406 1180 1534 1212 modum
1542 1179 1738 1212 correctionis

1224 1225 1379 1263 fraternae,
1420 1224 1491 1256 alia.
1570 1224 1739 1266 Aquaviva

1226 1270 1424 1302 obediturum
1454 1269 1579 1311 quidem
1609 1279 1640 1301 se
1669 1279 1738 1310 pro-

1225 1314 1320 1353 misit,
1332 1314 1385 1346 sed
1394 1314 1560 1352 recusavit,
1572 1313 1633 1345 alio
1644 1324 1738 1355 quam

1225 1359 1388 1391 Pontificis
1398 1359 1523 1391 nomine
1534 1358 1607 1390 dare
1617 1358 1738 1390 litteras

1226 1403 1398 1442 circulares,
1423 1414 1494 1435 curn
1516 1406 1638 1435 mutare
1661 1403 1739 1435 Con-

1226 1448 1406 1480 stitutiones
1416 1448 1476 1489 ipsi
1487 1458 1549 1479 non
1558 1447 1674 1480 liceret.
1696 1447 1739 1479 At

1226 1493 1333 1525 Sixtus
1341 1493 1377 1525 V.
1388 1496 1530 1524 mortuus
1541 1496 1588 1524 est
1597 1492 1658 1533 (27.
1669 1492 1747 1534 Aug.

1227 1537 1318 1579 1590)
1330 1537 1469 1569 nondum
1481 1537 1615 1569 firmatis
1626 1537 1739 1569 litteris

1227 1582 1436 1614 circularibus.

805 1940 891 1972 1589.
918 1940 945 1972 6.
971 1940 1057 1981 Sept.
1082 1939 1178 1971 Sacra

824 1984 938 2034 reliqzo:
951 1987 1118 2023 indulgentia
1127 1987 1180 2022 ple-

826 2029 902 2055 naria
922 2029 949 2055 in
970 2029 1057 2055 forma
1077 2027 1178 2062 jubilaei

826 2064 949 2127 glmtgibus
975 2064 1057 2091 806116
1086 2071 1177 2090 conce-

887 2108 900 2126 1·

807 2609 886 2639 1590
904 2608 1047 2637 Urbanus
1066 2605 1299 2638 v11.1590.
1324 2606 1370 2637 12.
1389 2605 1460 2637 Jan.
1489 2605 1601 2645 Epist:
1622 2607 1663 2634 De
1690 2608 1744 2634 fine

1231 2649 1362 2676 missionis
1382 2649 1488 2676 Indioae.

1232 2686 1279 2718 12.
1303 2685 1380 2718 Mai:
1406 2689 1446 2715 De
1463 2689 1585 2716 Jubilaeo.

808 2742 1004 2773 1590—1591
1020 2740 1181 2776 Gregorius

1214 2827 1290 2859 1591
1305 2827 1496 2859 Mutationes
1510 2826 1544 2858 in
1559 2827 1712 2859 Instituto
1727 2837 1746 2859 a

1233 2871 1322 2904 Sixto
1338 2871 1375 2903 V.
1392 2871 1560 2913 postulatae
1574 2881 1629 2913 per
1644 2870 1745 2903 bullas

1233 2915 1299 2957 (dd.
1329 2916 1377 2948 28.
1408 2916 1482 2948 Jun.
1513 2919 1545 2947 et
1572 2916 1621 2947 30.
1650 2915 1745 2957 Aug.)

1233 2960 1373 3002 Gregorii
1392 2960 1480 2992 XIV.
1503 2963 1674 2992 cassantur.

1448 3092 1507 3125 100

1790 467 1879 508 quius
1905 466 2051 505 habuere,
2080 477 2174 508 quam
2200 467 2312 509 regulae

1789 515 1821 543 et
1831 511 1995 552 praeceptis
2007 511 2165 543 Generalis
2178 511 2310 544 obedire.

1791 556 1841 587 Ita
1853 555 1940 587 Edm.
1951 555 2102 596 Auqerz‘us
2113 555 2240 587 Henrici
2250 556 2309 588 ΠΙ.

1790 600 1992 632 confessarius
2011 600 2076 641 ipse
2095 600 2179 631 omni
2197 603 2312 632 conatu

1790 644 1861 686 egit,
1883 648 1919 676 ut
1939 644 1978 676 ab
1999 645 2071 676 aula
2090 644 2310 684 dimitteretur,

1790 689 1844 720 sed
1867 689 2021 730 Lugduni,
2047 689 2101 720 ubi
2125 689 2211 721 facta
2233 689 2312 731 regis

1790 733 1940 772 defendit,
1979 743 2042 765 non
2075 733 2164 775 longe
2199 733 2310 772 abfuit,

1792 778 1867 819 quin
1886 778 1919 809 in
1939 778 2128 809 Rhodanum
2149 778 2312 819 conjicere-

1791 826 1843 854 tur
1863 822 1976 864 (1589).
1999 822 2018 864 †
2039 822 2126 855 Comi
2146 823 2232 854 1591.

1770 911 1851 943 Socii
1885 911 2121 953 Burdigalenses
2155 911 2195 943 ab
2230 911 2313 943 omni

1789 956 1918 997 politica
1953 956 2074 988 actione
2110 956 2311 996 abstinentes,

1790 1000 1916 1032 exilium
1926 1000 2030 1042 potius
2041 1000 2206 1042 elegerunt,
2219 1010 2312 1042 quam

1791 1045 1896 1077 deesse
1933 1045 2125 1077 obedientiae.
2201 1045 2313 1086 Itaque

1791 1091 1817 1122 1.
1852 1089 1931 1131 Aug.
1967 1090 2045 1121 1589
2078 1089 2208 1131 dispersi
2240 1093 2314 1122 sunt

1791 1138 1823 1166 et
1833 1134 1960 1166 initium
1973 1136 2003 1166 C.
2016 1134 2186 1166 Auscitano
2199 1134 2315 1176 (Auch)

1791 1179 1910 1211 dedere.

1771 1268 1848 1300 1587
1873 1267 2060 1299 Laurentius
2085 1267 2217 1309 Magius,
2243 1267 2316 1300 visi-

1791 1316 1876 1345 tator
1896 1312 2013 1345 Galliae.

1771 1402 1848 1434 1587
1858 1403 1935 1440 pr.
1947 1401 2166 1443 Neapolitana,
2177 1401 2211 1433 in
2222 1411 2316 1443 quam

1791 1446 1872 1478 Nola
1891 1446 2004 1478 novitii
2022 1449 2196 1478 transeunt.

1772 1535 1849 1567 1588
1904 1535 2061 1567 Robertus
2110 1535 2317 1567 Bellarminus

1792 1579 1955 1622 epistolam
1981 1580 2011 1612 S.
2039 1580 2156 1622 Ignatii
2181 1580 2219 1612 de
2246 1580 2318 1612 obe-

1791 1625 1912 1656 dientia
1924 1624 2075 1666 („caeca“)
2089 1627 2199 1657 contra
2212 1624 2318 1657 Socios

1792 1668 1922 1702 discolos
1954 1673 1987 1701 et
2017 1669 2094 1701 alios
2125 1679 2318 1711 aggressores

1792 1714 1941 1746 defendit.

1773 1803 1850 1835 1588
1869 1804 1900 1836 0.
1919 1802 2092 1835 Aniciense.

1775 1937 1852 1969 1589
1864 1937 1886 1969 J
1887 1936 1993 1969 66111136
2009 1936 2122 1969 litteris
2138 1936 2229 1979 regiis
2241 1936 2320 1968 Bur-

1795 1981 1896 2023 digala
1927 1981 2044 2013 exclusi
2074 1981 2248 2013 discedunt.
2281 2000 2320 2003 —

1794 2026 1986 2058 Admittitur
2006 2027 2037 2058 G.
2060 2025 2263 2058 Auscitanum
2289 2028 2321 2057 et

1797 2070 2040 2103 Petrocortoense.

1778 2382 1856 2414 1590
1880 2383 1911 2414 G.
1936 2381 2059 2413 Salerni
2082 2384 2115 2413 et
2139 2380 2321 2422 Consentiae;

1797 2426 1980 2458 sodalitates
1997 2425 2174 2467 utrobique.
2193 2444 2232 2448 -—-
2249 2425 2322 2457 Mis-

1797 2470 1897 2503 siones
1917 2480 1973 2512 per
1995 2470 2130 2502 Italiam.

1779 2604 1865 2636 1590.
1882 2604 1910 2636 3.
1927 2604 2020 2635 Mart.
2037 2603 2183 2644 Aloysz'us
2200 2602 2322 2635 concio-

1797 2652 1892 2680 natur
1921 2648 1955 2680 in
1986 2647 2090 2689 patria
2120 2647 2321 2689 (Castiglione

1798 2692 1877 2725 delle
1892 2692 2046 2734 Stiviere),
2064 2695 2096 2724 et
2110 2691 2235 2733 plurimi
2250 2701 2321 2733 pec-

1799 2740 1871 2770 cata
1891 2736 2090 2769 confitentur.

2011 3089 2068 3122 101
