<?xml version="1.0" encoding="UTF-8"?>
<!DOCTYPE html PUBLIC "-//W3C//DTD XHTML 1.0 Transitional//EN"
    "http://www.w3.org/TR/xhtml1/DTD/xhtml1-transitional.dtd">
<html xmlns="http://www.w3.org/1999/xhtml" xml:lang="en" lang="en">
 <head>
  <title>
</title>
<meta http-equiv="Content-Type" content="text/html;charset=utf-8" />
  <meta name='ocr-system' content='tesseract 3.04.00' />
  <meta name='ocr-capabilities' content='ocr_page ocr_carea ocr_par ocr_line ocrx_word'/>
</head>
<body>
  <div class='ocr_page' id='page_1' title='image "./synopsishistoria00wern_0022.png"; bbox 0 0 2372 3550; ppageno 0'>
   <div class='ocr_carea' id='block_1_1' title="bbox 195 244 2224 261">
    <p class='ocr_par' dir='ltr' id='par_1_1' title="bbox 195 244 2224 261">
     <span class='ocr_line' id='line_1_1' title="bbox 195 244 2224 261; baseline 0 0"><span class='ocrx_word' id='word_1_1' title='bbox 195 244 2224 261; x_wconf 95' lang='lat' dir='ltr'><strong> </strong></span> 
     </span>
    </p>
   </div>
   <div class='ocr_carea' id='block_1_2' title="bbox 804 268 1118 304">
    <p class='ocr_par' dir='ltr' id='par_1_2' title="bbox 804 268 1118 304">
     <span class='ocr_line' id='line_1_2' title="bbox 804 268 1118 304; baseline -0.01 -4"><span class='ocrx_word' id='word_1_2' title='bbox 804 270 922 300; x_wconf 89' lang='lat' dir='ltr'><strong>Summi</strong></span> <span class='ocrx_word' id='word_1_3' title='bbox 943 268 1118 304; x_wconf 83' lang='lat' dir='ltr'><strong>Pontifices,</strong></span> 
     </span>
    </p>
   </div>
   <div class='ocr_carea' id='block_1_3' title="bbox 266 278 1128 349">
    <p class='ocr_par' dir='ltr' id='par_1_3' title="bbox 266 278 1128 349">
     <span class='ocr_line' id='line_1_3' title="bbox 266 278 1128 349; baseline -0.001 -24"><span class='ocrx_word' id='word_1_4' title='bbox 266 294 404 325; x_wconf 80' lang='lat' dir='ltr'><strong>Historia</strong></span> <span class='ocrx_word' id='word_1_5' title='bbox 424 278 682 330; x_wconf 80' lang='lat' dir='ltr'><strong>contemporanea</strong></span> <span class='ocrx_word' id='word_1_6' title='bbox 791 315 917 344; x_wconf 62' lang='lat' dir='ltr'><strong>Litterae</strong></span> <span class='ocrx_word' id='word_1_7' title='bbox 938 312 1128 349; x_wconf 61' lang='lat' dir='ltr'><strong>Apostolicae</strong></span> 
     </span>
    </p>
   </div>
   <div class='ocr_carea' id='block_1_4' title="bbox 1201 269 1690 346">
    <p class='ocr_par' dir='ltr' id='par_1_4' title="bbox 1201 269 1690 346">
     <span class='ocr_line' id='line_1_4' title="bbox 1201 269 1690 308; baseline 0.01 -10"><span class='ocrx_word' id='word_1_8' title='bbox 1201 269 1363 306; x_wconf 81' lang='lat' dir='ltr'><strong>Praepositi</strong></span> <span class='ocrx_word' id='word_1_9' title='bbox 1384 271 1415 300; x_wconf 87' lang='lat' dir='ltr'><strong>et</strong></span> <span class='ocrx_word' id='word_1_10' title='bbox 1435 271 1690 308; x_wconf 80' lang='lat' dir='ltr'><strong>congregationes</strong></span> 
     </span>
     <span class='ocr_line' id='line_1_5' title="bbox 1364 315 1526 346; baseline 0.012 -2"><span class='ocrx_word' id='word_1_11' title='bbox 1364 315 1526 346; x_wconf 87' lang='lat' dir='ltr'><strong>Generales</strong></span> 
     </span>
    </p>
   </div>
   <div class='ocr_carea' id='block_1_5' title="bbox 1900 296 2118 332">
    <p class='ocr_par' dir='ltr' id='par_1_5' title="bbox 1900 296 2118 332">
     <span class='ocr_line' id='line_1_6' title="bbox 1900 296 2118 332; baseline 0 -6"><span class='ocrx_word' id='word_1_12' title='bbox 1900 296 2000 332; x_wconf 89' lang='lat' dir='ltr'><strong>Italia,</strong></span> <span class='ocrx_word' id='word_1_13' title='bbox 2019 296 2118 326; x_wconf 84' lang='lat' dir='ltr'><strong>Gallia</strong></span> 
     </span>
    </p>
   </div>
   <div class='ocr_carea' id='block_1_6' title="bbox 197 358 2284 372">
    <p class='ocr_par' dir='ltr' id='par_1_6' title="bbox 197 358 2284 372">
     <span class='ocr_line' id='line_1_7' title="bbox 197 358 2284 372; baseline 0 0"><span class='ocrx_word' id='word_1_14' title='bbox 197 358 2284 372; x_wconf 95' lang='lat' dir='ltr'><strong> </strong></span> 
     </span>
    </p>
   </div>
   <div class='ocr_carea' id='block_1_7' title="bbox 197 365 2284 379">
    <p class='ocr_par' dir='ltr' id='par_1_7' title="bbox 197 365 2284 379">
     <span class='ocr_line' id='line_1_8' title="bbox 197 365 2284 379; baseline 0 0"><span class='ocrx_word' id='word_1_15' title='bbox 197 365 2284 379; x_wconf 95' lang='lat' dir='ltr'><strong> </strong></span> 
     </span>
    </p>
   </div>
   <div class='ocr_carea' id='block_1_8' title="bbox 774 418 1146 451">
    <p class='ocr_par' dir='ltr' id='par_1_8' title="bbox 774 418 1146 451">
     <span class='ocr_line' id='line_1_9' title="bbox 774 418 1146 451; baseline -0.005 0"><span class='ocrx_word' id='word_1_16' title='bbox 774 419 860 451; x_wconf 90' lang='lat'>1544.</span> <span class='ocrx_word' id='word_1_17' title='bbox 898 418 945 450; x_wconf 86' lang='lat'><strong>14.</strong></span> <span class='ocrx_word' id='word_1_18' title='bbox 969 418 1062 449; x_wconf 86' lang='lat' dir='ltr'><strong>Mart.</strong></span> <span class='ocrx_word' id='word_1_19' title='bbox 1091 418 1146 450; x_wconf 55' lang='lat' dir='ltr'><strong>Ine</strong></span> 
     </span>
    </p>
   </div>
   <div class='ocr_carea' id='block_1_9' title="bbox 793 462 1148 506">
    <p class='ocr_par' dir='ltr' id='par_1_9' title="bbox 793 462 1148 506">
     <span class='ocr_line' id='line_1_10' title="bbox 793 462 1148 506; baseline -0.006 -11"><span class='ocrx_word' id='word_1_20' title='bbox 793 465 931 506; x_wconf 72' lang='lat' dir='ltr'><strong>junctum</strong></span> <span class='ocrx_word' id='word_1_21' title='bbox 944 462 1029 495; x_wconf 73' lang='lat' dir='ltr'><strong>nobis</strong></span> <span class='ocrx_word' id='word_1_22' title='bbox 1037 472 1047 494; x_wconf 88' lang='lat'><strong>.·</strong></span> <span class='ocrx_word' id='word_1_23' title='bbox 1100 475 1148 493; x_wconf 87' lang='lat' dir='ltr'><strong>nu-</strong></span> 
     </span>
    </p>
   </div>
   <div class='ocr_carea' id='block_1_10' title="bbox 796 506 1150 641">
    <p class='ocr_par' dir='ltr' id='par_1_10' title="bbox 796 506 1150 641">
     <span class='ocr_line' id='line_1_11' title="bbox 796 506 1150 534; baseline -0.003 0"><span class='ocrx_word' id='word_1_24' title='bbox 796 515 899 534; x_wconf 83' lang='lat' dir='ltr'><strong>menun</strong></span> <span class='ocrx_word' id='word_1_25' title='bbox 922 506 1150 534; x_wconf 81' lang='lat' dir='ltr'><strong>admittendorum</strong></span> 
     </span>
     <span class='ocr_line' id='line_1_12' title="bbox 796 542 1149 577; baseline -0.003 -7"><span class='ocrx_word' id='word_1_26' title='bbox 796 551 850 570; x_wconf 88' lang='lat' dir='ltr'><strong>non</strong></span> <span class='ocrx_word' id='word_1_27' title='bbox 868 543 924 577; x_wconf 83' lang='lat' dir='ltr'><strong>jam</strong></span> <span class='ocrx_word' id='word_1_28' title='bbox 942 542 1077 577; x_wconf 75' lang='lat' dir='ltr'><strong>restringit</strong></span> <span class='ocrx_word' id='word_1_29' title='bbox 1088 551 1149 569; x_wconf 87' lang='lat' dir='ltr'><strong>con-</strong></span> 
     </span>
     <span class='ocr_line' id='line_1_13' title="bbox 797 579 1148 613; baseline -0.003 -8"><span class='ocrx_word' id='word_1_30' title='bbox 797 579 902 612; x_wconf 81' lang='lat' dir='ltr'><strong>fertque</strong></span> <span class='ocrx_word' id='word_1_31' title='bbox 913 579 1076 613; x_wconf 86' lang='lat' dir='ltr'><strong>potestatem</strong></span> <span class='ocrx_word' id='word_1_32' title='bbox 1088 586 1148 605; x_wconf 91' lang='lat' dir='ltr'><strong>con-</strong></span> 
     </span>
     <span class='ocr_line' id='line_1_14' title="bbox 798 614 1111 641; baseline -0.003 0"><span class='ocrx_word' id='word_1_33' title='bbox 798 614 878 641; x_wconf 83' lang='lat' dir='ltr'><strong>dendi</strong></span> <span class='ocrx_word' id='word_1_34' title='bbox 893 614 1111 641; x_wconf 83' lang='lat' dir='ltr'><strong>Gonstitutiones.</strong></span> 
     </span>
    </p>
   </div>
   <div class='ocr_carea' id='block_1_11' title="bbox 777 694 1150 778">
    <p class='ocr_par' dir='ltr' id='par_1_11' title="bbox 777 694 1150 778">
     <span class='ocr_line' id='line_1_15' title="bbox 777 694 1150 727; baseline 0 -1"><span class='ocrx_word' id='word_1_35' title='bbox 777 695 864 727; x_wconf 89' lang='lat'>1545.</span> <span class='ocrx_word' id='word_1_36' title='bbox 891 695 919 726; x_wconf 87' lang='lat'><strong>3.</strong></span> <span class='ocrx_word' id='word_1_37' title='bbox 947 694 1021 726; x_wconf 76' lang='lat' dir='ltr'>Jun.</span> <span class='ocrx_word' id='word_1_38' title='bbox 1070 695 1150 727; x_wconf 80' lang='lat' dir='ltr'><strong>Cum</strong></span> 
     </span>
     <span class='ocr_line' id='line_1_16' title="bbox 796 740 1149 778; baseline -0.006 -7"><span class='ocrx_word' id='word_1_39' title='bbox 796 740 891 771; x_wconf 71' lang='lat' dir='ltr'><strong>inter:</strong></span> <span class='ocrx_word' id='word_1_40' title='bbox 926 742 1063 778; x_wconf 83' lang='lat' dir='ltr'><strong>privilegia</strong></span> <span class='ocrx_word' id='word_1_41' title='bbox 1085 751 1149 778; x_wconf 83' lang='lat' dir='ltr'><strong>prae-</strong></span> 
     </span>
    </p>
   </div>
   <div class='ocr_carea' id='block_1_12' title="bbox 197 696 740 730">
    <p class='ocr_par' dir='ltr' id='par_1_12' title="bbox 197 696 740 730">
     <span class='ocr_line' id='line_1_17' title="bbox 197 696 740 730; baseline -0.004 0"><span class='ocrx_word' id='word_1_42' title='bbox 197 698 354 730; x_wconf 89' lang='lat'>1545—63</span> <span class='ocrx_word' id='word_1_43' title='bbox 385 697 555 730; x_wconf 77' lang='lat' dir='ltr'><strong>Concilium</strong></span> <span class='ocrx_word' id='word_1_44' title='bbox 588 696 740 729; x_wconf 88' lang='lat' dir='ltr'><strong>Tridenti-</strong></span> 
     </span>
    </p>
   </div>
   <div class='ocr_carea' id='block_1_13' title="bbox 217 753 1130 846">
    <p class='ocr_par' dir='ltr' id='par_1_13' title="bbox 217 753 1130 846">
     <span class='ocr_line' id='line_1_18' title="bbox 217 753 302 775; baseline 0.012 -1"><span class='ocrx_word' id='word_1_45' title='bbox 217 753 302 775; x_wconf 89' lang='lat' dir='ltr'><strong>num.</strong></span> 
     </span>
     <span class='ocr_line' id='line_1_19' title="bbox 799 783 1130 815; baseline 0.003 -6"><span class='ocrx_word' id='word_1_46' title='bbox 799 783 914 815; x_wconf 79' lang='lat' dir='ltr'><strong>dicandi,</strong></span> <span class='ocrx_word' id='word_1_47' title='bbox 966 783 1130 815; x_wconf 85' lang='lat' dir='ltr'><strong>absolvendi,</strong></span> 
     </span>
     <span class='ocr_line' id='line_1_20' title="bbox 799 818 990 846; baseline 0 -1"><span class='ocrx_word' id='word_1_48' title='bbox 799 818 990 846; x_wconf 88' lang='lat' dir='ltr'><strong>commutandi.</strong></span> 
     </span>
    </p>
   </div>
   <div class='ocr_carea' id='block_1_14' title="bbox 199 899 1151 943">
    <p class='ocr_par' dir='ltr' id='par_1_14' title="bbox 199 899 1151 943">
     <span class='ocr_line' id='line_1_21' title="bbox 199 899 1151 943; baseline -0.001 -9"><span class='ocrx_word' id='word_1_49' title='bbox 199 902 285 935; x_wconf 86' lang='lat'>1546.</span> <span class='ocrx_word' id='word_1_50' title='bbox 306 902 352 934; x_wconf 88' lang='lat'><strong>18.</strong></span> <span class='ocrx_word' id='word_1_51' title='bbox 372 902 446 934; x_wconf 87' lang='lat' dir='ltr'><strong>Feb.</strong></span> <span class='ocrx_word' id='word_1_52' title='bbox 468 902 487 943; x_wconf 92' lang='lat'>†</span> <span class='ocrx_word' id='word_1_53' title='bbox 505 902 669 934; x_wconf 84' lang='lat' dir='ltr'><strong>Lutherus.</strong></span> <span class='ocrx_word' id='word_1_54' title='bbox 778 900 864 932; x_wconf 86' lang='lat'>1546.</span> <span class='ocrx_word' id='word_1_55' title='bbox 880 899 908 932; x_wconf 87' lang='lat'><strong>5.</strong></span> <span class='ocrx_word' id='word_1_56' title='bbox 926 899 998 932; x_wconf 87' lang='lat' dir='ltr'>Jun.</span> <span class='ocrx_word' id='word_1_57' title='bbox 1026 900 1151 941; x_wconf 74' lang='lat' dir='ltr'><strong>Expom&#39;</strong></span> 
     </span>
    </p>
   </div>
   <div class='ocr_carea' id='block_1_15' title="bbox 796 944 1149 977">
    <p class='ocr_par' dir='ltr' id='par_1_15' title="bbox 796 944 1149 977">
     <span class='ocr_line' id='line_1_22' title="bbox 796 944 1149 977; baseline -0.003 -1"><span class='ocrx_word' id='word_1_58' title='bbox 796 944 882 977; x_wconf 77' lang='lat' dir='ltr'><strong>&#39;nobis</strong></span> <span class='ocrx_word' id='word_1_59' title='bbox 888 955 898 976; x_wconf 94' lang='grc'><strong>.·</strong></span> <span class='ocrx_word' id='word_1_60' title='bbox 913 948 1037 975; x_wconf 83' lang='lat' dir='ltr'><strong>Facultas</strong></span> <span class='ocrx_word' id='word_1_61' title='bbox 1054 949 1149 976; x_wconf 87' lang='lat' dir='ltr'><strong>admit-</strong></span> 
     </span>
    </p>
   </div>
   <div class='ocr_carea' id='block_1_16' title="bbox 798 988 1150 1159">
    <p class='ocr_par' dir='ltr' id='par_1_16' title="bbox 798 988 1150 1159">
     <span class='ocr_line' id='line_1_23' title="bbox 799 988 1149 1024; baseline 0.003 -9"><span class='ocrx_word' id='word_1_62' title='bbox 799 988 874 1015; x_wconf 84' lang='lat' dir='ltr'><strong>tendi</strong></span> <span class='ocrx_word' id='word_1_63' title='bbox 899 988 1072 1023; x_wconf 83' lang='lat' dir='ltr'><strong>Coadjutores</strong></span> <span class='ocrx_word' id='word_1_64' title='bbox 1098 990 1149 1024; x_wconf 91' lang='lat' dir='ltr'><strong>spi-</strong></span> 
     </span>
     <span class='ocr_line' id='line_1_24' title="bbox 798 1024 1150 1058; baseline 0.003 -7"><span class='ocrx_word' id='word_1_65' title='bbox 798 1024 906 1051; x_wconf 74' lang='lat' dir='ltr'><strong>rituales</strong></span> <span class='ocrx_word' id='word_1_66' title='bbox 932 1024 965 1051; x_wconf 92' lang='lat'><strong>20</strong></span> <span class='ocrx_word' id='word_1_67' title='bbox 981 1026 1097 1058; x_wconf 86' lang='lat' dir='ltr'><strong>tantum,</strong></span> <span class='ocrx_word' id='word_1_68' title='bbox 1123 1027 1150 1052; x_wconf 84' lang='lat' dir='ltr'><strong>et</strong></span> 
     </span>
     <span class='ocr_line' id='line_1_25' title="bbox 798 1060 1150 1095; baseline 0.003 -8"><span class='ocrx_word' id='word_1_69' title='bbox 798 1060 966 1095; x_wconf 79' lang='lat' dir='ltr'><strong>temporales.</strong></span> <span class='ocrx_word' id='word_1_70' title='bbox 1021 1061 1150 1088; x_wconf 86' lang='lat' dir='ltr'><strong>Solemnis</strong></span> 
     </span>
     <span class='ocr_line' id='line_1_26' title="bbox 799 1096 1149 1130; baseline 0.003 -8"><span class='ocrx_word' id='word_1_71' title='bbox 799 1096 926 1130; x_wconf 82' lang='lat' dir='ltr'><strong>professio</strong></span> <span class='ocrx_word' id='word_1_72' title='bbox 939 1096 1030 1123; x_wconf 85' lang='lat' dir='ltr'><strong>Romae</strong></span> <span class='ocrx_word' id='word_1_73' title='bbox 1042 1098 1149 1124; x_wconf 86' lang='lat' dir='ltr'><strong>tantum</strong></span> 
     </span>
     <span class='ocr_line' id='line_1_27' title="bbox 799 1132 858 1159; baseline 0.017 -1"><span class='ocrx_word' id='word_1_74' title='bbox 799 1132 858 1159; x_wconf 85' lang='lat' dir='ltr'><strong>fiat.</strong></span> 
     </span>
    </p>
   </div>
   <div class='ocr_carea' id='block_1_17' title="bbox 198 1213 738 1296">
    <p class='ocr_par' dir='ltr' id='par_1_17' title="bbox 198 1213 738 1296">
     <span class='ocr_line' id='line_1_28' title="bbox 198 1213 726 1246; baseline 0.002 -1"><span class='ocrx_word' id='word_1_75' title='bbox 198 1214 275 1246; x_wconf 88' lang='lat'>1547</span> <span class='ocrx_word' id='word_1_76' title='bbox 316 1213 438 1246; x_wconf 90' lang='lat' dir='ltr'><strong>Bellum</strong></span> <span class='ocrx_word' id='word_1_77' title='bbox 479 1213 726 1246; x_wconf 87' lang='lat' dir='ltr'><strong>Smalealdicum.</strong></span> 
     </span>
     <span class='ocr_line' id='line_1_29' title="bbox 218 1258 738 1296; baseline 0 -6"><span class='ocrx_word' id='word_1_78' title='bbox 218 1259 313 1291; x_wconf 86' lang='lat' dir='ltr'><strong>Knox</strong></span> <span class='ocrx_word' id='word_1_79' title='bbox 329 1258 552 1296; x_wconf 87' lang='lat' dir='ltr'><strong>„reformator“</strong></span> <span class='ocrx_word' id='word_1_80' title='bbox 576 1258 608 1290; x_wconf 93' lang='lat' dir='ltr'><strong>in</strong></span> <span class='ocrx_word' id='word_1_81' title='bbox 629 1258 738 1290; x_wconf 71' lang='lat' dir='ltr'><strong>Scotia.</strong></span> 
     </span>
    </p>
   </div>
   <div class='ocr_carea' id='block_1_18' title="bbox 777 1212 1151 1254">
    <p class='ocr_par' dir='ltr' id='par_1_18' title="bbox 777 1212 1151 1254">
     <span class='ocr_line' id='line_1_30' title="bbox 777 1212 1151 1254; baseline 0.003 -9"><span class='ocrx_word' id='word_1_82' title='bbox 777 1212 864 1245; x_wconf 89' lang='lat'>1547.</span> <span class='ocrx_word' id='word_1_83' title='bbox 872 1213 898 1244; x_wconf 89' lang='lat'><strong>4.</strong></span> <span class='ocrx_word' id='word_1_84' title='bbox 904 1213 982 1245; x_wconf 87' lang='lat' dir='ltr'>Nov.</span> <span class='ocrx_word' id='word_1_85' title='bbox 991 1213 1151 1254; x_wconf 71' lang='lat' dir='ltr'><strong>Copiosus:</strong></span> 
     </span>
    </p>
   </div>
   <div class='ocr_carea' id='block_1_19' title="bbox 799 1257 1154 1570">
    <p class='ocr_par' dir='ltr' id='par_1_19' title="bbox 799 1257 1154 1570">
     <span class='ocr_line' id='line_1_31' title="bbox 800 1257 1154 1293; baseline 0.003 -10"><span class='ocrx_word' id='word_1_86' title='bbox 800 1257 939 1283; x_wconf 84' lang='lat' dir='ltr'><strong>Francisco</strong></span> <span class='ocrx_word' id='word_1_87' title='bbox 948 1257 980 1283; x_wconf 90' lang='lat' dir='ltr'><strong>de</strong></span> <span class='ocrx_word' id='word_1_88' title='bbox 989 1257 1086 1293; x_wconf 80' lang='lat' dir='ltr'><strong>Borgia</strong></span> <span class='ocrx_word' id='word_1_89' title='bbox 1095 1266 1154 1284; x_wconf 90' lang='lat' dir='ltr'><strong>con-</strong></span> 
     </span>
     <span class='ocr_line' id='line_1_32' title="bbox 800 1292 1151 1320; baseline 0.003 -1"><span class='ocrx_word' id='word_1_90' title='bbox 800 1292 902 1319; x_wconf 87' lang='lat' dir='ltr'><strong>ceditur</strong></span> <span class='ocrx_word' id='word_1_91' title='bbox 937 1293 1034 1319; x_wconf 77' lang='lat' dir='ltr'><strong>erectio</strong></span> <span class='ocrx_word' id='word_1_92' title='bbox 1069 1294 1151 1320; x_wconf 87' lang='lat' dir='ltr'><strong>studii</strong></span> 
     </span>
     <span class='ocr_line' id='line_1_33' title="bbox 799 1328 1151 1363; baseline 0.006 -9"><span class='ocrx_word' id='word_1_93' title='bbox 799 1328 927 1362; x_wconf 84' lang='lat' dir='ltr'><strong>generalis</strong></span> <span class='ocrx_word' id='word_1_94' title='bbox 937 1328 964 1354; x_wconf 91' lang='lat' dir='ltr'><strong>in</strong></span> <span class='ocrx_word' id='word_1_95' title='bbox 974 1329 1072 1363; x_wconf 91' lang='lat' dir='ltr'><strong>oppido</strong></span> <span class='ocrx_word' id='word_1_96' title='bbox 1082 1330 1151 1356; x_wconf 86' lang='lat' dir='ltr'><strong>Gan-</strong></span> 
     </span>
     <span class='ocr_line' id='line_1_34' title="bbox 801 1364 1150 1395; baseline 0.003 -5"><span class='ocrx_word' id='word_1_97' title='bbox 801 1364 858 1395; x_wconf 84' lang='lat' dir='ltr'><strong>diae,</strong></span> <span class='ocrx_word' id='word_1_98' title='bbox 873 1364 914 1390; x_wconf 90' lang='lat' dir='ltr'><strong>ita</strong></span> <span class='ocrx_word' id='word_1_99' title='bbox 927 1366 959 1390; x_wconf 87' lang='lat' dir='ltr'><strong>ut</strong></span> <span class='ocrx_word' id='word_1_100' title='bbox 972 1364 999 1390; x_wconf 86' lang='lat' dir='ltr'><strong>in</strong></span> <span class='ocrx_word' id='word_1_101' title='bbox 1014 1373 1044 1391; x_wconf 89' lang='lat' dir='ltr'><strong>eo</strong></span> <span class='ocrx_word' id='word_1_102' title='bbox 1060 1373 1150 1391; x_wconf 87' lang='lat' dir='ltr'><strong>omnes</strong></span> 
     </span>
     <span class='ocr_line' id='line_1_35' title="bbox 800 1400 1151 1434; baseline 0.006 -9"><span class='ocrx_word' id='word_1_103' title='bbox 800 1400 925 1431; x_wconf 72' lang='lat' dir='ltr'><strong>scientiae,</strong></span> <span class='ocrx_word' id='word_1_104' title='bbox 937 1408 995 1434; x_wconf 84' lang='lat' dir='ltr'><strong>quae</strong></span> <span class='ocrx_word' id='word_1_105' title='bbox 1007 1400 1040 1426; x_wconf 85' lang='lat' dir='ltr'><strong>ad</strong></span> <span class='ocrx_word' id='word_1_106' title='bbox 1051 1401 1151 1427; x_wconf 83' lang='lat' dir='ltr'><strong>anima-</strong></span> 
     </span>
     <span class='ocr_line' id='line_1_36' title="bbox 800 1435 1150 1468; baseline 0.006 -7"><span class='ocrx_word' id='word_1_107' title='bbox 800 1443 859 1462; x_wconf 91' lang='lat' dir='ltr'><strong>rum</strong></span> <span class='ocrx_word' id='word_1_108' title='bbox 874 1435 987 1462; x_wconf 89' lang='lat' dir='ltr'><strong>salutem</strong></span> <span class='ocrx_word' id='word_1_109' title='bbox 1003 1437 1150 1468; x_wconf 80' lang='lat' dir='ltr'><strong>conferunt,</strong></span> 
     </span>
     <span class='ocr_line' id='line_1_37' title="bbox 801 1471 1150 1506; baseline 0.006 -9"><span class='ocrx_word' id='word_1_110' title='bbox 801 1471 954 1503; x_wconf 81' lang='lat' dir='ltr'><strong>doceantur,</strong></span> <span class='ocrx_word' id='word_1_111' title='bbox 996 1473 1024 1498; x_wconf 85' lang='lat' dir='ltr'><strong>et</strong></span> <span class='ocrx_word' id='word_1_112' title='bbox 1054 1472 1150 1506; x_wconf 84' lang='lat' dir='ltr'><strong>gradus</strong></span> 
     </span>
     <span class='ocr_line' id='line_1_38' title="bbox 801 1507 1151 1534; baseline 0.003 -1"><span class='ocrx_word' id='word_1_113' title='bbox 801 1509 829 1533; x_wconf 88' lang='lat' dir='ltr'><strong>et</strong></span> <span class='ocrx_word' id='word_1_114' title='bbox 856 1507 998 1534; x_wconf 73' lang='lat' dir='ltr'><strong>facultates</strong></span> <span class='ocrx_word' id='word_1_115' title='bbox 1026 1507 1096 1534; x_wconf 89' lang='lat' dir='ltr'><strong>sicut</strong></span> <span class='ocrx_word' id='word_1_116' title='bbox 1123 1508 1151 1534; x_wconf 86' lang='lat' dir='ltr'><strong>in</strong></span> 
     </span>
     <span class='ocr_line' id='line_1_39' title="bbox 801 1542 1152 1570; baseline 0.003 -1"><span class='ocrx_word' id='word_1_117' title='bbox 801 1542 941 1569; x_wconf 86' lang='lat' dir='ltr'><strong>Parisiensi</strong></span> <span class='ocrx_word' id='word_1_118' title='bbox 950 1543 1152 1570; x_wconf 87' lang='lat' dir='ltr'><strong>Salmanticensi</strong></span> 
     </span>
    </p>
   </div>
   <div class='ocr_carea' id='block_1_20' title="bbox 199 1348 738 1430">
    <p class='ocr_par' dir='ltr' id='par_1_20' title="bbox 199 1348 738 1430">
     <span class='ocr_line' id='line_1_40' title="bbox 199 1348 738 1390; baseline -0.002 -10"><span class='ocrx_word' id='word_1_119' title='bbox 199 1348 288 1390; x_wconf 72' lang='lat' dir='ltr'>Anyl.</span> <span class='ocrx_word' id='word_1_120' title='bbox 323 1348 490 1380; x_wconf 86' lang='lat' dir='ltr'><strong>Eduardus</strong></span> <span class='ocrx_word' id='word_1_121' title='bbox 503 1348 557 1380; x_wconf 90' lang='lat' dir='ltr'><strong>VI.</strong></span> <span class='ocrx_word' id='word_1_122' title='bbox 573 1348 738 1379; x_wconf 84' lang='lat'>1547—53.</span> 
     </span>
     <span class='ocr_line' id='line_1_41' title="bbox 220 1392 648 1430; baseline -0.002 -5"><span class='ocrx_word' id='word_1_123' title='bbox 220 1393 383 1425; x_wconf 85' lang='lat' dir='ltr'><strong>Inducitur</strong></span> <span class='ocrx_word' id='word_1_124' title='bbox 402 1392 648 1430; x_wconf 85' lang='lat' dir='ltr'><strong>‚,Reformatio.“</strong></span> 
     </span>
    </p>
   </div>
   <div class='ocr_carea' id='block_1_21' title="bbox 197 1482 739 1515">
    <p class='ocr_par' dir='ltr' id='par_1_21' title="bbox 197 1482 739 1515">
     <span class='ocr_line' id='line_1_42' title="bbox 197 1482 739 1515; baseline 0 -1"><span class='ocrx_word' id='word_1_125' title='bbox 197 1482 273 1515; x_wconf 80' lang='lat' dir='ltr'><strong>Gall.</strong></span> <span class='ocrx_word' id='word_1_126' title='bbox 323 1482 475 1514; x_wconf 86' lang='lat' dir='ltr'><strong>Henricus</strong></span> <span class='ocrx_word' id='word_1_127' title='bbox 504 1482 544 1514; x_wconf 91' lang='lat' dir='ltr'><strong>II.</strong></span> <span class='ocrx_word' id='word_1_128' title='bbox 574 1482 739 1514; x_wconf 85' lang='lat'>1547—59.</span> 
     </span>
    </p>
   </div>
   <div class='ocr_carea' id='block_1_22' title="bbox 801 1578 1150 1649">
    <p class='ocr_par' dir='ltr' id='par_1_22' title="bbox 801 1578 1150 1649">
     <span class='ocr_line' id='line_1_43' title="bbox 801 1578 1150 1606; baseline 0.006 -2"><span class='ocrx_word' id='word_1_129' title='bbox 801 1578 982 1605; x_wconf 82' lang='lat' dir='ltr'><strong>Valentinensi</strong></span> <span class='ocrx_word' id='word_1_130' title='bbox 999 1579 1094 1606; x_wconf 89' lang='lat' dir='ltr'><strong>studiis</strong></span> <span class='ocrx_word' id='word_1_131' title='bbox 1112 1580 1150 1606; x_wconf 90' lang='lat' dir='ltr'><strong>vi-</strong></span> 
     </span>
     <span class='ocr_line' id='line_1_44' title="bbox 801 1616 889 1649; baseline 0.011 -9"><span class='ocrx_word' id='word_1_132' title='bbox 801 1616 889 1649; x_wconf 85' lang='lat' dir='ltr'><strong>geant.</strong></span> 
     </span>
    </p>
   </div>
   <div class='ocr_carea' id='block_1_23' title="bbox 201 1651 743 1693">
    <p class='ocr_par' dir='ltr' id='par_1_23' title="bbox 201 1651 743 1693">
     <span class='ocr_line' id='line_1_45' title="bbox 201 1651 743 1693; baseline 0 -10"><span class='ocrx_word' id='word_1_133' title='bbox 201 1651 266 1684; x_wconf 88' lang='lat' dir='ltr'><strong>Pol.</strong></span> <span class='ocrx_word' id='word_1_134' title='bbox 297 1651 512 1693; x_wconf 85' lang='lat' dir='ltr'><strong>Sigismundus</strong></span> <span class='ocrx_word' id='word_1_135' title='bbox 524 1651 564 1684; x_wconf 91' lang='lat' dir='ltr'><strong>II.</strong></span> <span class='ocrx_word' id='word_1_136' title='bbox 577 1651 743 1684; x_wconf 87' lang='lat'>1548—72.</span> 
     </span>
    </p>
   </div>
   <div class='ocr_carea' id='block_1_24' title="bbox 218 1740 742 1824">
    <p class='ocr_par' dir='ltr' id='par_1_24' title="bbox 218 1740 742 1824">
     <span class='ocr_line' id='line_1_46' title="bbox 220 1740 742 1784; baseline 0 -11"><span class='ocrx_word' id='word_1_137' title='bbox 220 1741 298 1773; x_wconf 86' lang='lat'>1548</span> <span class='ocrx_word' id='word_1_138' title='bbox 332 1740 458 1773; x_wconf 83' lang='lat' dir='ltr'><strong>Carolus</strong></span> <span class='ocrx_word' id='word_1_139' title='bbox 492 1741 528 1774; x_wconf 90' lang='lat' dir='ltr'><strong>V.</strong></span> <span class='ocrx_word' id='word_1_140' title='bbox 564 1741 742 1784; x_wconf 84' lang='lat' dir='ltr'><strong>promulgat</strong></span> 
     </span>
     <span class='ocr_line' id='line_1_47' title="bbox 218 1785 400 1824; baseline 0 -6"><span class='ocrx_word' id='word_1_141' title='bbox 218 1785 400 1824; x_wconf 85' lang='lat' dir='ltr'><strong>‚‚Interim.“</strong></span> 
     </span>
    </p>
   </div>
   <div class='ocr_carea' id='block_1_25' title="bbox 780 1739 1151 1891">
    <p class='ocr_par' dir='ltr' id='par_1_25' title="bbox 780 1739 1151 1891">
     <span class='ocr_line' id='line_1_48' title="bbox 780 1739 1151 1773; baseline 0.005 -2"><span class='ocrx_word' id='word_1_142' title='bbox 780 1739 866 1771; x_wconf 89' lang='lat'>1548.</span> <span class='ocrx_word' id='word_1_143' title='bbox 888 1740 936 1771; x_wconf 88' lang='lat'><strong>31.</strong></span> <span class='ocrx_word' id='word_1_144' title='bbox 959 1739 1021 1771; x_wconf 82' lang='lat' dir='ltr'>Jul.</span> <span class='ocrx_word' id='word_1_145' title='bbox 1046 1740 1151 1773; x_wconf 79' lang='lat' dir='ltr'><strong>Pasto-</strong></span> 
     </span>
     <span class='ocr_line' id='line_1_49' title="bbox 798 1784 1151 1826; baseline 0 -10"><span class='ocrx_word' id='word_1_146' title='bbox 798 1784 873 1817; x_wconf 71' lang='lat' dir='ltr'><strong>‘ralis</strong></span> <span class='ocrx_word' id='word_1_147' title='bbox 893 1784 1005 1826; x_wconf 77' lang='lat' dir='ltr'><strong>officii:</strong></span> <span class='ocrx_word' id='word_1_148' title='bbox 1058 1797 1151 1824; x_wconf 84' lang='lat' dir='ltr'><strong>appro-</strong></span> 
     </span>
     <span class='ocr_line' id='line_1_50' title="bbox 801 1828 1151 1864; baseline 0.003 -9"><span class='ocrx_word' id='word_1_149' title='bbox 801 1828 875 1855; x_wconf 84' lang='lat' dir='ltr'><strong>batio</strong></span> <span class='ocrx_word' id='word_1_150' title='bbox 891 1828 1084 1856; x_wconf 80' lang='lat' dir='ltr'><strong>Exercitiorum</strong></span> <span class='ocrx_word' id='word_1_151' title='bbox 1099 1829 1151 1864; x_wconf 88' lang='lat' dir='ltr'><strong>spi-</strong></span> 
     </span>
     <span class='ocr_line' id='line_1_51' title="bbox 801 1864 945 1891; baseline 0 0"><span class='ocrx_word' id='word_1_152' title='bbox 801 1864 945 1891; x_wconf 87' lang='lat' dir='ltr'><strong>ritualium.</strong></span> 
     </span>
    </p>
   </div>
   <div class='ocr_carea' id='block_1_26' title="bbox 781 1989 1154 2256">
    <p class='ocr_par' dir='ltr' id='par_1_26' title="bbox 781 1989 1154 2256">
     <span class='ocr_line' id='line_1_52' title="bbox 781 1989 1152 2022; baseline 0.003 -1"><span class='ocrx_word' id='word_1_153' title='bbox 781 1989 867 2021; x_wconf 91' lang='lat'>1549.</span> <span class='ocrx_word' id='word_1_154' title='bbox 890 1989 937 2022; x_wconf 90' lang='lat'><strong>18.</strong></span> <span class='ocrx_word' id='word_1_155' title='bbox 961 1989 1029 2022; x_wconf 90' lang='lat' dir='ltr'><strong>Oct.</strong></span> <span class='ocrx_word' id='word_1_156' title='bbox 1069 1990 1152 2022; x_wconf 78' lang='lat' dir='ltr'><strong>Licet</strong></span> 
     </span>
     <span class='ocr_line' id='line_1_53' title="bbox 800 2033 1151 2073; baseline -0.003 -7"><span class='ocrx_word' id='word_1_157' title='bbox 800 2033 945 2066; x_wconf 75' lang='lat' dir='ltr'><strong>debitum:</strong></span> <span class='ocrx_word' id='word_1_158' title='bbox 963 2038 1151 2073; x_wconf 82' lang='lat' dir='ltr'><strong>privilegiapro</strong></span> 
     </span>
     <span class='ocr_line' id='line_1_54' title="bbox 803 2078 1154 2105; baseline 0.003 -1"><span class='ocrx_word' id='word_1_159' title='bbox 803 2078 1033 2105; x_wconf 83' lang='lat' dir='ltr'><strong>administratione</strong></span> <span class='ocrx_word' id='word_1_160' title='bbox 1056 2080 1084 2105; x_wconf 84' lang='lat' dir='ltr'><strong>et</strong></span> <span class='ocrx_word' id='word_1_161' title='bbox 1106 2079 1154 2105; x_wconf 88' lang='lat' dir='ltr'><strong>mi-</strong></span> 
     </span>
     <span class='ocr_line' id='line_1_55' title="bbox 802 2113 1152 2148; baseline 0.003 -8"><span class='ocrx_word' id='word_1_162' title='bbox 802 2113 927 2146; x_wconf 87' lang='lat' dir='ltr'><strong>nisteriis;</strong></span> <span class='ocrx_word' id='word_1_163' title='bbox 980 2113 1152 2148; x_wconf 76' lang='lat' dir='ltr'><strong>Goadjutores</strong></span> 
     </span>
     <span class='ocr_line' id='line_1_56' title="bbox 802 2149 1154 2177; baseline 0 -1"><span class='ocrx_word' id='word_1_164' title='bbox 802 2149 858 2176; x_wconf 87' lang='lat' dir='ltr'><strong>sine</strong></span> <span class='ocrx_word' id='word_1_165' title='bbox 873 2149 976 2176; x_wconf 89' lang='lat' dir='ltr'><strong>numeri</strong></span> <span class='ocrx_word' id='word_1_166' title='bbox 990 2150 1154 2177; x_wconf 79' lang='lat' dir='ltr'><strong>restrictione</strong></span> 
     </span>
     <span class='ocr_line' id='line_1_57' title="bbox 803 2185 1152 2221; baseline 0.003 -9"><span class='ocrx_word' id='word_1_167' title='bbox 803 2185 911 2212; x_wconf 78' lang='lat' dir='ltr'><strong>admitti</strong></span> <span class='ocrx_word' id='word_1_168' title='bbox 926 2187 1037 2220; x_wconf 83' lang='lat' dir='ltr'><strong>possunt</strong></span> <span class='ocrx_word' id='word_1_169' title='bbox 1051 2187 1079 2212; x_wconf 88' lang='lat' dir='ltr'><strong>et</strong></span> <span class='ocrx_word' id='word_1_170' title='bbox 1094 2194 1152 2221; x_wconf 90' lang='lat' dir='ltr'><strong>pro-</strong></span> 
     </span>
     <span class='ocr_line' id='line_1_58' title="bbox 802 2220 1077 2256; baseline 0 -8"><span class='ocrx_word' id='word_1_171' title='bbox 802 2220 879 2248; x_wconf 76' lang='lat' dir='ltr'><strong>fessio</strong></span> <span class='ocrx_word' id='word_1_172' title='bbox 896 2221 955 2248; x_wconf 84' lang='lat' dir='ltr'><strong>fieri</strong></span> <span class='ocrx_word' id='word_1_173' title='bbox 971 2221 1077 2256; x_wconf 88' lang='lat' dir='ltr'><strong>ubique.</strong></span> 
     </span>
    </p>
   </div>
   <div class='ocr_carea' id='block_1_27' title="bbox 204 2345 745 2423">
    <p class='ocr_par' dir='ltr' id='par_1_27' title="bbox 204 2345 745 2423">
     <span class='ocr_line' id='line_1_59' title="bbox 204 2345 745 2388; baseline 0 -10"><span class='ocrx_word' id='word_1_174' title='bbox 204 2345 400 2379; x_wconf 88' lang='lat'>1550—1579</span> <span class='ocrx_word' id='word_1_175' title='bbox 426 2346 461 2388; x_wconf 91' lang='lat'><strong>(†</strong></span> <span class='ocrx_word' id='word_1_176' title='bbox 487 2347 534 2379; x_wconf 91' lang='lat'><strong>24.</strong></span> <span class='ocrx_word' id='word_1_177' title='bbox 563 2346 647 2387; x_wconf 87' lang='lat' dir='ltr'><strong>Oct.)</strong></span> <span class='ocrx_word' id='word_1_178' title='bbox 692 2346 745 2378; x_wconf 95' lang='lat' dir='ltr'><strong>Al-</strong></span> 
     </span>
     <span class='ocr_line' id='line_1_60' title="bbox 223 2390 652 2423; baseline 0.002 -1"><span class='ocrx_word' id='word_1_179' title='bbox 223 2390 330 2423; x_wconf 90' lang='lat' dir='ltr'><strong>bertus</strong></span> <span class='ocrx_word' id='word_1_180' title='bbox 353 2390 389 2423; x_wconf 94' lang='lat' dir='ltr'><strong>V.</strong></span> <span class='ocrx_word' id='word_1_181' title='bbox 415 2391 479 2422; x_wconf 83' lang='lat' dir='ltr'><strong>dux</strong></span> <span class='ocrx_word' id='word_1_182' title='bbox 503 2391 652 2423; x_wconf 86' lang='lat' dir='ltr'><strong>Bavariae.</strong></span> 
     </span>
    </p>
   </div>
   <div class='ocr_carea' id='block_1_28' title="bbox 782 2348 1153 2380">
    <p class='ocr_par' dir='ltr' id='par_1_28' title="bbox 782 2348 1153 2380">
     <span class='ocr_line' id='line_1_61' title="bbox 782 2348 1153 2380; baseline 0.003 -2"><span class='ocrx_word' id='word_1_183' title='bbox 782 2349 981 2379; x_wconf 87' lang='lat'>1550—1555</span> <span class='ocrx_word' id='word_1_184' title='bbox 990 2348 1091 2379; x_wconf 82' lang='lat' dir='ltr'><strong>Julius</strong></span> <span class='ocrx_word' id='word_1_185' title='bbox 1098 2349 1153 2380; x_wconf 91' lang='lat'>111.</span> 
     </span>
    </p>
   </div>
   <div class='ocr_carea' id='block_1_29' title="bbox 784 2479 1155 2521">
    <p class='ocr_par' dir='ltr' id='par_1_29' title="bbox 784 2479 1155 2521">
     <span class='ocr_line' id='line_1_62' title="bbox 784 2479 1155 2521; baseline 0.003 -10"><span class='ocrx_word' id='word_1_186' title='bbox 784 2479 870 2512; x_wconf 88' lang='lat'>1550.</span> <span class='ocrx_word' id='word_1_187' title='bbox 886 2479 958 2512; x_wconf 80' lang='lat' dir='ltr'>21.J</span> <span class='ocrx_word' id='word_1_188' title='bbox 960 2479 999 2512; x_wconf 90' lang='grc'><strong>111.</strong></span> <span class='ocrx_word' id='word_1_189' title='bbox 1010 2480 1155 2521; x_wconf 70' lang='lat' dir='ltr'><strong>Exposcit</strong></span> 
     </span>
    </p>
   </div>
   <div class='ocr_carea' id='block_1_30' title="bbox 801 2524 1155 2639">
    <p class='ocr_par' dir='ltr' id='par_1_30' title="bbox 801 2524 1155 2639">
     <span class='ocr_line' id='line_1_63' title="bbox 801 2524 1155 2563; baseline -0.003 -7"><span class='ocrx_word' id='word_1_190' title='bbox 801 2524 948 2556; x_wconf 69' lang='lat' dir='ltr'><strong>debitum:</strong></span> <span class='ocrx_word' id='word_1_191' title='bbox 973 2537 1044 2555; x_wconf 81' lang='lat' dir='ltr'><strong>nova</strong></span> <span class='ocrx_word' id='word_1_192' title='bbox 1061 2537 1155 2563; x_wconf 87' lang='lat' dir='ltr'><strong>appro-</strong></span> 
     </span>
     <span class='ocr_line' id='line_1_64' title="bbox 804 2568 1155 2603; baseline 0 -8"><span class='ocrx_word' id='word_1_193' title='bbox 804 2568 877 2595; x_wconf 87' lang='lat' dir='ltr'><strong>batio</strong></span> <span class='ocrx_word' id='word_1_194' title='bbox 891 2568 1014 2595; x_wconf 86' lang='lat' dir='ltr'><strong>Instituti</strong></span> <span class='ocrx_word' id='word_1_195' title='bbox 1035 2570 1063 2595; x_wconf 88' lang='lat' dir='ltr'><strong>et</strong></span> <span class='ocrx_word' id='word_1_196' title='bbox 1075 2569 1155 2603; x_wconf 88' lang='lat' dir='ltr'><strong>privi-</strong></span> 
     </span>
     <span class='ocr_line' id='line_1_65' title="bbox 803 2604 938 2639; baseline 0.007 -9"><span class='ocrx_word' id='word_1_197' title='bbox 803 2604 938 2639; x_wconf 87' lang='lat' dir='ltr'><strong>legiorum.</strong></span> 
     </span>
    </p>
   </div>
   <div class='ocr_carea' id='block_1_31' title="bbox 204 2682 746 2716">
    <p class='ocr_par' dir='ltr' id='par_1_31' title="bbox 204 2682 746 2716">
     <span class='ocr_line' id='line_1_66' title="bbox 204 2682 746 2716; baseline 0.004 -2"><span class='ocrx_word' id='word_1_198' title='bbox 204 2682 282 2714; x_wconf 88' lang='lat'>1552</span> <span class='ocrx_word' id='word_1_199' title='bbox 297 2682 436 2714; x_wconf 87' lang='lat' dir='ltr'><strong>Proditio</strong></span> <span class='ocrx_word' id='word_1_200' title='bbox 453 2682 592 2716; x_wconf 77' lang='lat' dir='ltr'><strong>electoris</strong></span> <span class='ocrx_word' id='word_1_201' title='bbox 607 2683 746 2716; x_wconf 87' lang='lat' dir='ltr'><strong>Mauritii</strong></span> 
     </span>
    </p>
   </div>
   <div class='ocr_carea' id='block_1_32' title="bbox 225 2683 1156 2760">
    <p class='ocr_par' dir='ltr' id='par_1_32' title="bbox 225 2683 1156 2760">
     <span class='ocr_line' id='line_1_67' title="bbox 782 2683 1156 2726; baseline 0.003 -10"><span class='ocrx_word' id='word_1_202' title='bbox 782 2683 869 2717; x_wconf 90' lang='lat'>1552.</span> <span class='ocrx_word' id='word_1_203' title='bbox 894 2685 942 2717; x_wconf 88' lang='grc'><strong>31.</strong></span> <span class='ocrx_word' id='word_1_204' title='bbox 968 2685 1046 2726; x_wconf 86' lang='lat' dir='ltr'>Aug.</span> <span class='ocrx_word' id='word_1_205' title='bbox 1071 2684 1156 2717; x_wconf 77' lang='lat' dir='ltr'><strong>Dum</strong></span> 
     </span>
     <span class='ocr_line' id='line_1_68' title="bbox 225 2727 555 2760; baseline 0.006 -2"><span class='ocrx_word' id='word_1_206' title='bbox 225 2730 334 2759; x_wconf 81' lang='lat' dir='ltr'><strong>contra</strong></span> <span class='ocrx_word' id='word_1_207' title='bbox 354 2727 497 2759; x_wconf 87' lang='lat' dir='ltr'><strong>Carolum</strong></span> <span class='ocrx_word' id='word_1_208' title='bbox 518 2727 555 2760; x_wconf 93' lang='lat' dir='ltr'><strong>V.</strong></span> 
     </span>
    </p>
   </div>
   <div class='ocr_carea' id='block_1_33' title="bbox 799 2728 1155 2844">
    <p class='ocr_par' dir='ltr' id='par_1_33' title="bbox 799 2728 1155 2844">
     <span class='ocr_line' id='line_1_69' title="bbox 799 2728 1154 2768; baseline -0.006 -8"><span class='ocrx_word' id='word_1_209' title='bbox 799 2728 942 2761; x_wconf 69' lang='lat' dir='ltr'><strong>sollicita:</strong></span> <span class='ocrx_word' id='word_1_210' title='bbox 959 2733 1068 2760; x_wconf 88' lang='lat' dir='ltr'><strong>InUrbe</strong></span> <span class='ocrx_word' id='word_1_211' title='bbox 1081 2733 1154 2768; x_wconf 86' lang='lat' dir='ltr'><strong>erigi-</strong></span> 
     </span>
     <span class='ocr_line' id='line_1_70' title="bbox 804 2773 1155 2800; baseline -0.003 0"><span class='ocrx_word' id='word_1_212' title='bbox 804 2775 848 2800; x_wconf 85' lang='lat' dir='ltr'><strong>tur</strong></span> <span class='ocrx_word' id='word_1_213' title='bbox 875 2773 938 2800; x_wconf 83' lang='lat' dir='ltr'>Gon.</span> <span class='ocrx_word' id='word_1_214' title='bbox 970 2773 1155 2800; x_wconf 87' lang='lat' dir='ltr'><strong>Germanicum</strong></span> 
     </span>
     <span class='ocr_line' id='line_1_71' title="bbox 805 2808 1152 2844; baseline 0.003 -9"><span class='ocrx_word' id='word_1_215' title='bbox 805 2808 854 2835; x_wconf 89' lang='lat' dir='ltr'><strong>sub</strong></span> <span class='ocrx_word' id='word_1_216' title='bbox 873 2808 1004 2843; x_wconf 79' lang='lat' dir='ltr'><strong>magistris</strong></span> <span class='ocrx_word' id='word_1_217' title='bbox 1021 2817 1067 2844; x_wconf 87' lang='lat' dir='ltr'><strong>per</strong></span> <span class='ocrx_word' id='word_1_218' title='bbox 1083 2809 1108 2836; x_wconf 88' lang='lat' dir='ltr'><strong>S.</strong></span> <span class='ocrx_word' id='word_1_219' title='bbox 1127 2809 1152 2836; x_wconf 88' lang='lat' dir='ltr'><strong>J.</strong></span> 
     </span>
    </p>
   </div>
   <div class='ocr_carea' id='block_1_34' title="bbox 244 2815 1004 2871">
    <p class='ocr_par' dir='ltr' id='par_1_34' title="bbox 244 2815 1004 2871">
     <span class='ocr_line' id='line_1_72' title="bbox 244 2815 982 2850; baseline 0.003 -3"><span class='ocrx_word' id='word_1_220' title='bbox 244 2815 410 2848; x_wconf 87' lang='lat' dir='ltr'><strong>Tractatus</strong></span> <span class='ocrx_word' id='word_1_221' title='bbox 436 2815 647 2849; x_wconf 82' lang='lat' dir='ltr'><strong>Passaviensis</strong></span> <span class='ocrx_word' id='word_1_222' title='bbox 675 2827 746 2850; x_wconf 89' lang='lat' dir='ltr'><strong>con·</strong></span> <span class='ocrx_word' id='word_1_223' title='bbox 883 2844 888 2849; x_wconf 92' lang='lat'><strong>.</strong></span> <span class='ocrx_word' id='word_1_224' title='bbox 977 2844 982 2849; x_wconf 94' lang='lat'><strong>.</strong></span> 
     </span>
     <span class='ocr_line' id='line_1_73' title="bbox 805 2844 1004 2871; baseline 0 0"><span class='ocrx_word' id='word_1_225' title='bbox 805 2844 1004 2871; x_wconf 81' lang='lat' dir='ltr'><strong>constituendls.</strong></span> 
     </span>
    </p>
   </div>
   <div class='ocr_carea' id='block_1_35' title="bbox 225 2860 746 2894">
    <p class='ocr_par' dir='ltr' id='par_1_35' title="bbox 225 2860 746 2894">
     <span class='ocr_line' id='line_1_74' title="bbox 225 2860 746 2894; baseline 0.004 -2"><span class='ocrx_word' id='word_1_226' title='bbox 225 2860 308 2892; x_wconf 81' lang='lat' dir='ltr'><strong>cedit</strong></span> <span class='ocrx_word' id='word_1_227' title='bbox 335 2860 587 2893; x_wconf 85' lang='lat' dir='ltr'><strong>Protestantibus</strong></span> <span class='ocrx_word' id='word_1_228' title='bbox 614 2861 746 2894; x_wconf 88' lang='lat' dir='ltr'><strong>liberum</strong></span> 
     </span>
    </p>
   </div>
   <div class='ocr_carea' id='block_1_36' title="bbox 224 2904 1155 2957">
    <p class='ocr_par' dir='ltr' id='par_1_36' title="bbox 224 2904 1155 2957">
     <span class='ocr_line' id='line_1_75' title="bbox 224 2904 1155 2957; baseline 0.003 -21"><span class='ocrx_word' id='word_1_229' title='bbox 224 2904 377 2946; x_wconf 85' lang='lat' dir='ltr'><strong>religionis</strong></span> <span class='ocrx_word' id='word_1_230' title='bbox 399 2905 588 2938; x_wconf 82' lang='lat' dir='ltr'><strong>exercitium.</strong></span> <span class='ocrx_word' id='word_1_231' title='bbox 783 2925 871 2957; x_wconf 70' lang='lat'><strong>1552¹</strong></span> <span class='ocrx_word' id='word_1_232' title='bbox 898 2925 945 2957; x_wconf 42' lang='lat'><strong>22-</strong></span> <span class='ocrx_word' id='word_1_233' title='bbox 965 2925 1034 2957; x_wconf 41' lang='lat' dir='ltr'>Oct·</span> <span class='ocrx_word' id='word_1_234' title='bbox 1053 2925 1155 2957; x_wconf 53' lang='lat' dir='ltr'><strong>Suom</strong></span> 
     </span>
    </p>
   </div>
   <div class='ocr_carea' id='block_1_37' title="bbox 801 2969 1155 3048">
    <p class='ocr_par' dir='ltr' id='par_1_37' title="bbox 801 2969 1155 3048">
     <span class='ocr_line' id='line_1_76' title="bbox 801 2969 1155 3010; baseline -0.006 -9"><span class='ocrx_word' id='word_1_235' title='bbox 801 2969 976 3010; x_wconf 74' lang='lat' dir='ltr'><strong>reliqionis:</strong></span> <span class='ocrx_word' id='word_1_236' title='bbox 1017 2981 1088 3000; x_wconf 80' lang='lat' dir='ltr'><strong>nova</strong></span> <span class='ocrx_word' id='word_1_237' title='bbox 1109 2973 1155 2999; x_wconf 85' lang='lat' dir='ltr'><strong>ad-</strong></span> 
     </span>
     <span class='ocr_line' id='line_1_77' title="bbox 805 3013 1065 3048; baseline 0 -8"><span class='ocrx_word' id='word_1_238' title='bbox 805 3013 905 3040; x_wconf 87' lang='lat' dir='ltr'><strong>duntur</strong></span> <span class='ocrx_word' id='word_1_239' title='bbox 921 3013 1065 3048; x_wconf 84' lang='lat' dir='ltr'><strong>privilegia.</strong></span> 
     </span>
    </p>
   </div>
   <div class='ocr_carea' id='block_1_38' title="bbox 951 3093 988 3126">
    <p class='ocr_par' dir='ltr' id='par_1_38' title="bbox 951 3093 988 3126">
     <span class='ocr_line' id='line_1_78' title="bbox 951 3093 988 3126; baseline -0.027 0"><span class='ocrx_word' id='word_1_240' title='bbox 951 3093 988 3126; x_wconf 89' lang='grc'><strong>19</strong></span> 
     </span>
    </p>
   </div>
   <div class='ocr_carea' id='block_1_39' title="bbox 747 368 779 3134">
    <p class='ocr_par' dir='ltr' id='par_1_39' title="bbox 747 368 779 3134">
     <span class='ocr_line' id='line_1_79' title="bbox 747 368 779 3134; baseline 0 0"><span class='ocrx_word' id='word_1_241' title='bbox 747 368 779 3134; x_wconf 95' lang='lat' dir='ltr'><strong> </strong></span> 
     </span>
    </p>
   </div>
   <div class='ocr_carea' id='block_1_40' title="bbox 473 3091 511 3123">
    <p class='ocr_par' dir='ltr' id='par_1_40' title="bbox 473 3091 511 3123">
     <span class='ocr_line' id='line_1_80' title="bbox 473 3091 511 3123; baseline 0 0"><span class='ocrx_word' id='word_1_242' title='bbox 473 3091 511 3123; x_wconf 89' lang='grc'><strong>18</strong></span> 
     </span>
    </p>
   </div>
   <div class='ocr_carea' id='block_1_41' title="bbox 1747 902 2024 988">
    <p class='ocr_par' dir='ltr' id='par_1_41' title="bbox 1747 902 2024 988">
     <span class='ocr_line' id='line_1_81' title="bbox 1747 902 2024 945; baseline 0.004 -11"><span class='ocrx_word' id='word_1_243' title='bbox 1747 902 1833 934; x_wconf 87' lang='grc'><strong>1546.</strong></span> <span class='ocrx_word' id='word_1_244' title='bbox 1877 903 1903 934; x_wconf 92' lang='grc'><strong>1.</strong></span> <span class='ocrx_word' id='word_1_245' title='bbox 1945 903 2024 945; x_wconf 89' lang='lat' dir='ltr'>Aug.</span> 
     </span>
     <span class='ocr_line' id='line_1_82' title="bbox 1767 947 1925 988; baseline 0.006 -10"><span class='ocrx_word' id='word_1_246' title='bbox 1767 947 1788 988; x_wconf 90' lang='lat'><strong>†</strong></span> <span class='ocrx_word' id='word_1_247' title='bbox 1809 947 1925 979; x_wconf 85' lang='lat' dir='ltr'><strong>Romae.</strong></span> 
     </span>
    </p>
   </div>
   <div class='ocr_carea' id='block_1_42' title="bbox 2068 903 2269 936">
    <p class='ocr_par' dir='ltr' id='par_1_42' title="bbox 2068 903 2269 936">
     <span class='ocr_line' id='line_1_83' title="bbox 2068 903 2269 936; baseline 0 -1"><span class='ocrx_word' id='word_1_248' title='bbox 2068 903 2146 936; x_wconf 76' lang='lat' dir='ltr'><strong>Pelr.</strong></span> <span class='ocrx_word' id='word_1_249' title='bbox 2173 903 2269 935; x_wconf 80' lang='lat' dir='ltr'><strong>Faber</strong></span> 
     </span>
    </p>
   </div>
   <div class='ocr_carea' id='block_1_43' title="bbox 1185 1213 2289 1301">
    <p class='ocr_par' dir='ltr' id='par_1_43' title="bbox 1185 1213 2289 1301">
     <span class='ocr_line' id='line_1_84' title="bbox 1185 1213 2289 1258; baseline 0.004 -14"><span class='ocrx_word' id='word_1_250' title='bbox 1185 1213 1262 1244; x_wconf 86' lang='lat'>1547</span> <span class='ocrx_word' id='word_1_251' title='bbox 1278 1213 1524 1246; x_wconf 87' lang='lat' dir='ltr'><strong>Constitutiones</strong></span> <span class='ocrx_word' id='word_1_252' title='bbox 1539 1214 1617 1247; x_wconf 76' lang='lat' dir='ltr'><strong>serio</strong></span> <span class='ocrx_word' id='word_1_253' title='bbox 1633 1225 1715 1246; x_wconf 89' lang='lat' dir='ltr'><strong>com-</strong></span> <span class='ocrx_word' id='word_1_254' title='bbox 1748 1215 1826 1247; x_wconf 89' lang='lat'>1547</span> <span class='ocrx_word' id='word_1_255' title='bbox 1868 1215 1994 1247; x_wconf 89' lang='lat' dir='ltr'><strong>Hieron.</strong></span> <span class='ocrx_word' id='word_1_256' title='bbox 2017 1216 2196 1248; x_wconf 86' lang='lat' dir='ltr'><strong>Domenech</strong></span> <span class='ocrx_word' id='word_1_257' title='bbox 2215 1216 2236 1258; x_wconf 84' lang='lat'><strong>·1·</strong></span> <span class='ocrx_word' id='word_1_258' title='bbox 2256 1216 2289 1248; x_wconf 90' lang='lat' dir='ltr'><strong>in</strong></span> 
     </span>
     <span class='ocr_line' id='line_1_85' title="bbox 1203 1258 1885 1301; baseline 0.003 -12"><span class='ocrx_word' id='word_1_259' title='bbox 1203 1268 1317 1299; x_wconf 86' lang='lat' dir='ltr'><strong>ponere</strong></span> <span class='ocrx_word' id='word_1_260' title='bbox 1335 1258 1446 1300; x_wconf 85' lang='lat' dir='ltr'><strong>incipit</strong></span> <span class='ocrx_word' id='word_1_261' title='bbox 1466 1259 1621 1301; x_wconf 85' lang='lat' dir='ltr'><strong>Ignatius;</strong></span> <span class='ocrx_word' id='word_1_262' title='bbox 1642 1270 1714 1291; x_wconf 84' lang='lat' dir='ltr'><strong>nam</strong></span> <span class='ocrx_word' id='word_1_263' title='bbox 1767 1259 1885 1292; x_wconf 74' lang='lat' dir='ltr'><strong>Sicilia.</strong></span> 
     </span>
    </p>
   </div>
   <div class='ocr_carea' id='block_1_44' title="bbox 1205 1303 1717 1390">
    <p class='ocr_par' dir='ltr' id='par_1_44' title="bbox 1205 1303 1717 1390">
     <span class='ocr_line' id='line_1_86' title="bbox 1205 1303 1717 1345; baseline 0.004 -11"><span class='ocrx_word' id='word_1_264' title='bbox 1205 1303 1245 1334; x_wconf 87' lang='lat' dir='ltr'><strong>ad</strong></span> <span class='ocrx_word' id='word_1_265' title='bbox 1282 1303 1315 1335; x_wconf 91' lang='lat' dir='ltr'><strong>id</strong></span> <span class='ocrx_word' id='word_1_266' title='bbox 1353 1304 1502 1345; x_wconf 86' lang='lat' dir='ltr'><strong>temporis</strong></span> <span class='ocrx_word' id='word_1_267' title='bbox 1540 1304 1717 1345; x_wconf 83' lang='lat' dir='ltr'><strong>fragmenta</strong></span> 
     </span>
     <span class='ocr_line' id='line_1_87' title="bbox 1205 1348 1525 1390; baseline 0.003 -11"><span class='ocrx_word' id='word_1_268' title='bbox 1205 1350 1330 1379; x_wconf 86' lang='lat' dir='ltr'><strong>tantum</strong></span> <span class='ocrx_word' id='word_1_269' title='bbox 1352 1348 1525 1390; x_wconf 80' lang='lat' dir='ltr'><strong>scripserat.</strong></span> 
     </span>
    </p>
   </div>
   <div class='ocr_carea' id='block_1_45' title="bbox 1184 1436 1715 1480">
    <p class='ocr_par' dir='ltr' id='par_1_45' title="bbox 1184 1436 1715 1480">
     <span class='ocr_line' id='line_1_88' title="bbox 1184 1436 1715 1480; baseline 0.006 -12"><span class='ocrx_word' id='word_1_270' title='bbox 1184 1436 1270 1469; x_wconf 91' lang='lat'>1547.</span> <span class='ocrx_word' id='word_1_271' title='bbox 1286 1438 1313 1469; x_wconf 91' lang='lat'><strong>7.</strong></span> <span class='ocrx_word' id='word_1_272' title='bbox 1327 1437 1402 1480; x_wconf 87' lang='lat' dir='ltr'><strong>Maj.</strong></span> <span class='ocrx_word' id='word_1_273' title='bbox 1427 1437 1525 1478; x_wconf 78' lang='lat' dir='ltr'><strong>Epist.</strong></span> <span class='ocrx_word' id='word_1_274' title='bbox 1541 1438 1581 1470; x_wconf 82' lang='lat' dir='ltr'><strong>ad</strong></span> <span class='ocrx_word' id='word_1_275' title='bbox 1594 1438 1715 1471; x_wconf 77' lang='lat' dir='ltr'><strong>Schola-</strong></span> 
     </span>
    </p>
   </div>
   <div class='ocr_carea' id='block_1_46' title="bbox 1204 1481 1717 1560">
    <p class='ocr_par' dir='ltr' id='par_1_46' title="bbox 1204 1481 1717 1560">
     <span class='ocr_line' id='line_1_89' title="bbox 1204 1481 1717 1515; baseline 0 -2"><span class='ocrx_word' id='word_1_276' title='bbox 1204 1481 1293 1514; x_wconf 66' lang='grc' dir='ltr'><strong>δείους</strong></span> <span class='ocrx_word' id='word_1_277' title='bbox 1316 1482 1574 1515; x_wconf 72' lang='lat' dir='ltr'><strong>Gom‘mbricenses</strong></span> <span class='ocrx_word' id='word_1_278' title='bbox 1604 1487 1637 1513; x_wconf 90' lang='lat' dir='ltr'><strong>de</strong></span> <span class='ocrx_word' id='word_1_279' title='bbox 1657 1487 1717 1514; x_wconf 78' lang='lat' dir='ltr'><strong>reli-</strong></span> 
     </span>
     <span class='ocr_line' id='line_1_90' title="bbox 1205 1525 1467 1560; baseline 0.008 -8"><span class='ocrx_word' id='word_1_280' title='bbox 1205 1525 1280 1560; x_wconf 90' lang='lat' dir='ltr'><strong>giosa</strong></span> <span class='ocrx_word' id='word_1_281' title='bbox 1296 1526 1467 1560; x_wconf 78' lang='lat' dir='ltr'><strong>perfectione.</strong></span> 
     </span>
    </p>
   </div>
   <div class='ocr_carea' id='block_1_47' title="bbox 1204 1607 1716 1641">
    <p class='ocr_par' dir='ltr' id='par_1_47' title="bbox 1204 1607 1716 1641">
     <span class='ocr_line' id='line_1_91' title="bbox 1204 1607 1716 1641; baseline 0.006 -3"><span class='ocrx_word' id='word_1_282' title='bbox 1204 1626 1242 1629; x_wconf 88' lang='lat'><strong>—</strong></span> <span class='ocrx_word' id='word_1_283' title='bbox 1271 1607 1318 1639; x_wconf 90' lang='lat'><strong>29.</strong></span> <span class='ocrx_word' id='word_1_284' title='bbox 1349 1607 1412 1639; x_wconf 82' lang='lat' dir='ltr'>Jul.</span> <span class='ocrx_word' id='word_1_285' title='bbox 1450 1607 1489 1639; x_wconf 75' lang='lat' dir='ltr'><strong>ad</strong></span> <span class='ocrx_word' id='word_1_286' title='bbox 1517 1607 1716 1641; x_wconf 71' lang='lat' dir='ltr'><strong>Scholasticos</strong></span> 
     </span>
    </p>
   </div>
   <div class='ocr_carea' id='block_1_48' title="bbox 1203 1651 1718 1759">
    <p class='ocr_par' dir='ltr' id='par_1_48' title="bbox 1203 1651 1718 1759">
     <span class='ocr_line' id='line_1_92' title="bbox 1203 1651 1715 1691; baseline 0.002 -8"><span class='ocrx_word' id='word_1_287' title='bbox 1203 1651 1388 1684; x_wconf 74' lang='lat' dir='ltr'><strong>Gandie‘nses</strong></span> <span class='ocrx_word' id='word_1_288' title='bbox 1430 1656 1463 1682; x_wconf 86' lang='lat' dir='ltr'><strong>de</strong></span> <span class='ocrx_word' id='word_1_289' title='bbox 1496 1657 1615 1691; x_wconf 83' lang='lat' dir='ltr'><strong>perfecta</strong></span> <span class='ocrx_word' id='word_1_290' title='bbox 1654 1657 1715 1684; x_wconf 86' lang='lat' dir='ltr'><strong>obe-</strong></span> 
     </span>
     <span class='ocr_line' id='line_1_93' title="bbox 1206 1695 1718 1732; baseline 0.004 -10"><span class='ocrx_word' id='word_1_291' title='bbox 1206 1695 1317 1727; x_wconf 84' lang='lat' dir='ltr'><strong>dientia,</strong></span> <span class='ocrx_word' id='word_1_292' title='bbox 1339 1696 1471 1731; x_wconf 84' lang='lat' dir='ltr'><strong>praecipue</strong></span> <span class='ocrx_word' id='word_1_293' title='bbox 1487 1704 1550 1732; x_wconf 87' lang='lat' dir='ltr'><strong>erga</strong></span> <span class='ocrx_word' id='word_1_294' title='bbox 1566 1696 1718 1732; x_wconf 85' lang='lat' dir='ltr'><strong>Superiores</strong></span> 
     </span>
     <span class='ocr_line' id='line_1_94' title="bbox 1206 1731 1384 1759; baseline 0.006 -1"><span class='ocrx_word' id='word_1_295' title='bbox 1206 1731 1384 1759; x_wconf 86' lang='lat' dir='ltr'><strong>immediatos.</strong></span> 
     </span>
    </p>
   </div>
   <div class='ocr_carea' id='block_1_49' title="bbox 1749 1741 2291 1827">
    <p class='ocr_par' dir='ltr' id='par_1_49' title="bbox 1749 1741 2291 1827">
     <span class='ocr_line' id='line_1_95' title="bbox 1749 1741 2291 1774; baseline 0.004 -2"><span class='ocrx_word' id='word_1_296' title='bbox 1749 1741 1826 1773; x_wconf 87' lang='lat'>1548</span> <span class='ocrx_word' id='word_1_297' title='bbox 1867 1743 1898 1773; x_wconf 82' lang='lat' dir='ltr'><strong>c.</strong></span> <span class='ocrx_word' id='word_1_298' title='bbox 1938 1741 2134 1774; x_wconf 74' lang='lat' dir='ltr'><strong>Messanense</strong></span> <span class='ocrx_word' id='word_1_299' title='bbox 2172 1744 2291 1774; x_wconf 89' lang='lat' dir='ltr'><strong>rectore</strong></span> 
     </span>
     <span class='ocr_line' id='line_1_96' title="bbox 1769 1785 2098 1827; baseline 0.003 -10"><span class='ocrx_word' id='word_1_300' title='bbox 1769 1785 1960 1827; x_wconf 84' lang='lat' dir='ltr'><strong>Hieronymo</strong></span> <span class='ocrx_word' id='word_1_301' title='bbox 1982 1785 2098 1819; x_wconf 86' lang='lat' dir='ltr'><strong>Natali.</strong></span> 
     </span>
    </p>
   </div>
   <div class='ocr_carea' id='block_1_50' title="bbox 1749 1874 2292 1998">
    <p class='ocr_par' dir='ltr' id='par_1_50' title="bbox 1749 1874 2292 1998">
     <span class='ocr_line' id='line_1_97' title="bbox 1749 1874 2292 1908; baseline 0 -1"><span class='ocrx_word' id='word_1_302' title='bbox 1749 1874 1826 1907; x_wconf 89' lang='lat'>1548</span> <span class='ocrx_word' id='word_1_303' title='bbox 1870 1875 1961 1907; x_wconf 87' lang='lat' dir='ltr'><strong>Ever.</strong></span> <span class='ocrx_word' id='word_1_304' title='bbox 2001 1875 2212 1908; x_wconf 85' lang='lat' dir='ltr'><strong>Mercurianus</strong></span> <span class='ocrx_word' id='word_1_305' title='bbox 2245 1875 2292 1907; x_wconf 90' lang='lat' dir='ltr'><strong>in-</strong></span> 
     </span>
     <span class='ocr_line' id='line_1_98' title="bbox 1767 1919 2292 1962; baseline 0.002 -11"><span class='ocrx_word' id='word_1_306' title='bbox 1767 1919 1907 1962; x_wconf 86' lang='lat' dir='ltr'><strong>greditur</strong></span> <span class='ocrx_word' id='word_1_307' title='bbox 1947 1919 1980 1951; x_wconf 89' lang='lat' dir='ltr'><strong>in</strong></span> <span class='ocrx_word' id='word_1_308' title='bbox 2015 1920 2045 1952; x_wconf 87' lang='lat' dir='ltr'><strong>S.</strong></span> <span class='ocrx_word' id='word_1_309' title='bbox 2070 1920 2100 1952; x_wconf 83' lang='lat' dir='ltr'><strong>J.</strong></span> <span class='ocrx_word' id='word_1_310' title='bbox 2138 1923 2170 1952; x_wconf 87' lang='lat' dir='ltr'><strong>et</strong></span> <span class='ocrx_word' id='word_1_311' title='bbox 2210 1919 2292 1952; x_wconf 88' lang='lat' dir='ltr'><strong>inter</strong></span> 
     </span>
     <span class='ocr_line' id='line_1_99' title="bbox 1769 1964 2289 1998; baseline 0.002 -2"><span class='ocrx_word' id='word_1_312' title='bbox 1769 1964 1923 1997; x_wconf 85' lang='lat' dir='ltr'><strong>studiosos</strong></span> <span class='ocrx_word' id='word_1_313' title='bbox 1930 1964 2066 1996; x_wconf 88' lang='lat' dir='ltr'><strong>multum</strong></span> <span class='ocrx_word' id='word_1_314' title='bbox 2077 1964 2289 1998; x_wconf 82' lang='lat' dir='ltr'><strong>fertfructum.</strong></span> 
     </span>
    </p>
   </div>
   <div class='ocr_carea' id='block_1_51' title="bbox 1187 2346 2294 2524">
    <p class='ocr_par' dir='ltr' id='par_1_51' title="bbox 1187 2346 2292 2436">
     <span class='ocr_line' id='line_1_100' title="bbox 1187 2346 2292 2390; baseline -0.001 -11"><span class='ocrx_word' id='word_1_315' title='bbox 1187 2347 1265 2379; x_wconf 91' lang='lat'>1550</span> <span class='ocrx_word' id='word_1_316' title='bbox 1295 2348 1435 2390; x_wconf 83' lang='lat' dir='ltr'><strong>Ignatius</strong></span> <span class='ocrx_word' id='word_1_317' title='bbox 1464 2349 1612 2390; x_wconf 86' lang='lat' dir='ltr'><strong>proponit</strong></span> <span class='ocrx_word' id='word_1_318' title='bbox 1640 2349 1717 2381; x_wconf 89' lang='lat' dir='ltr'><strong>Con·</strong></span> <span class='ocrx_word' id='word_1_319' title='bbox 1750 2347 1829 2379; x_wconf 87' lang='lat'>1550</span> <span class='ocrx_word' id='word_1_320' title='bbox 1850 2347 2004 2379; x_wconf 68' lang='lat' dir='ltr'><strong>Messanae</strong></span> <span class='ocrx_word' id='word_1_321' title='bbox 2025 2348 2103 2384; x_wconf 83' lang='lat' dir='ltr'><strong>pr.</strong></span> <span class='ocrx_word' id='word_1_322' title='bbox 2125 2346 2227 2388; x_wconf 90' lang='lat' dir='ltr'><strong>prima</strong></span> <span class='ocrx_word' id='word_1_323' title='bbox 2248 2356 2292 2379; x_wconf 89' lang='lat' dir='ltr'><strong>se-</strong></span> 
     </span>
     <span class='ocr_line' id='line_1_101' title="bbox 1207 2392 1972 2436; baseline -0.003 -12"><span class='ocrx_word' id='word_1_324' title='bbox 1207 2392 1386 2425; x_wconf 84' lang='lat' dir='ltr'><strong>stitutiones</strong></span> <span class='ocrx_word' id='word_1_325' title='bbox 1397 2393 1634 2436; x_wconf 86' lang='lat' dir='ltr'><strong>Congregationi</strong></span> <span class='ocrx_word' id='word_1_326' title='bbox 1643 2393 1718 2425; x_wconf 91' lang='lat' dir='ltr'><strong>Pro-</strong></span> <span class='ocrx_word' id='word_1_327' title='bbox 1769 2395 1882 2433; x_wconf 87' lang='lat' dir='ltr'><strong>parata</strong></span> <span class='ocrx_word' id='word_1_328' title='bbox 1903 2402 1922 2423; x_wconf 88' lang='lat' dir='ltr'><strong>a</strong></span> <span class='ocrx_word' id='word_1_329' title='bbox 1942 2393 1972 2423; x_wconf 85' lang='lat' dir='ltr'><strong>G.</strong></span> 
     </span>
    </p>

    <p class='ocr_par' dir='ltr' id='par_1_52' title="bbox 1207 2435 2294 2524">
     <span class='ocr_line' id='line_1_102' title="bbox 1207 2435 2292 2477; baseline -0.001 -9"><span class='ocrx_word' id='word_1_330' title='bbox 1207 2436 1357 2469; x_wconf 81' lang='lat' dir='ltr'><strong>fessorum</strong></span> <span class='ocrx_word' id='word_1_331' title='bbox 1374 2438 1507 2469; x_wconf 88' lang='lat' dir='ltr'><strong>Romam</strong></span> <span class='ocrx_word' id='word_1_332' title='bbox 1523 2441 1716 2476; x_wconf 85' lang='lat' dir='ltr'><strong>vocatorum,</strong></span> <span class='ocrx_word' id='word_1_333' title='bbox 1750 2436 1827 2469; x_wconf 88' lang='lat'>1551</span> <span class='ocrx_word' id='word_1_334' title='bbox 1862 2435 1988 2468; x_wconf 86' lang='lat' dir='ltr'><strong>Henrici</strong></span> <span class='ocrx_word' id='word_1_335' title='bbox 2013 2436 2054 2468; x_wconf 91' lang='lat' dir='ltr'><strong>II.</strong></span> <span class='ocrx_word' id='word_1_336' title='bbox 2080 2438 2223 2477; x_wconf 86' lang='lat' dir='ltr'><strong>patentes</strong></span> <span class='ocrx_word' id='word_1_337' title='bbox 2247 2435 2292 2468; x_wconf 81' lang='lat' dir='ltr'><strong>fa-</strong></span> 
     </span>
     <span class='ocr_line' id='line_1_103' title="bbox 1209 2480 2294 2524; baseline -0.001 -11"><span class='ocrx_word' id='word_1_338' title='bbox 1209 2491 1323 2524; x_wconf 87' lang='lat' dir='ltr'><strong>easque</strong></span> <span class='ocrx_word' id='word_1_339' title='bbox 1362 2482 1455 2523; x_wconf 79' lang='lat' dir='ltr'><strong>juxta</strong></span> <span class='ocrx_word' id='word_1_340' title='bbox 1495 2492 1601 2514; x_wconf 86' lang='lat' dir='ltr'><strong>eorum</strong></span> <span class='ocrx_word' id='word_1_341' title='bbox 1642 2486 1718 2514; x_wconf 86' lang='lat' dir='ltr'><strong>vota</strong></span> <span class='ocrx_word' id='word_1_342' title='bbox 1769 2484 1846 2513; x_wconf 87' lang='lat' dir='ltr'><strong>vent</strong></span> <span class='ocrx_word' id='word_1_343' title='bbox 1868 2480 2027 2518; x_wconf 75' lang='lat' dir='ltr'><strong>societati,</strong></span> <span class='ocrx_word' id='word_1_344' title='bbox 2053 2490 2122 2522; x_wconf 83' lang='lat' dir='ltr'><strong>quae</strong></span> <span class='ocrx_word' id='word_1_345' title='bbox 2144 2483 2251 2512; x_wconf 85' lang='lat' dir='ltr'><strong>tamen</strong></span> <span class='ocrx_word' id='word_1_346' title='bbox 2274 2490 2294 2512; x_wconf 87' lang='lat' dir='ltr'><strong>a</strong></span> 
     </span>
    </p>
   </div>
   <div class='ocr_carea' id='block_1_52' title="bbox 1207 2526 1619 2568">
    <p class='ocr_par' dir='ltr' id='par_1_53' title="bbox 1207 2526 1619 2568">
     <span class='ocr_line' id='line_1_104' title="bbox 1207 2526 1619 2568; baseline 0.005 -11"><span class='ocrx_word' id='word_1_347' title='bbox 1207 2536 1297 2558; x_wconf 85' lang='lat' dir='ltr'><strong>novae</strong></span> <span class='ocrx_word' id='word_1_348' title='bbox 1318 2526 1445 2568; x_wconf 85' lang='lat' dir='ltr'><strong>subjicit</strong></span> <span class='ocrx_word' id='word_1_349' title='bbox 1465 2526 1619 2559; x_wconf 88' lang='lat' dir='ltr'><strong>revisioni.</strong></span> 
     </span>
    </p>
   </div>
   <div class='ocr_carea' id='block_1_53' title="bbox 1769 2524 2292 2647">
    <p class='ocr_par' dir='ltr' id='par_1_54' title="bbox 1769 2524 2292 2647">
     <span class='ocr_line' id='line_1_105' title="bbox 1769 2524 2292 2558; baseline -0.004 0"><span class='ocrx_word' id='word_1_350' title='bbox 1769 2525 1969 2558; x_wconf 84' lang='lat' dir='ltr'><strong>Parlamento</strong></span> <span class='ocrx_word' id='word_1_351' title='bbox 2011 2528 2043 2557; x_wconf 89' lang='lat' dir='ltr'><strong>et</strong></span> <span class='ocrx_word' id='word_1_352' title='bbox 2083 2534 2102 2556; x_wconf 86' lang='lat' dir='ltr'><strong>a</strong></span> <span class='ocrx_word' id='word_1_353' title='bbox 2141 2524 2292 2557; x_wconf 83' lang='lat' dir='ltr'><strong>facultate</strong></span> 
     </span>
     <span class='ocr_line' id='line_1_106' title="bbox 1770 2568 2292 2612; baseline -0.002 -10"><span class='ocrx_word' id='word_1_354' title='bbox 1770 2569 1944 2612; x_wconf 84' lang='lat' dir='ltr'><strong>theologica</strong></span> <span class='ocrx_word' id='word_1_355' title='bbox 1963 2568 2111 2602; x_wconf 87' lang='lat' dir='ltr'><strong>continuo</strong></span> <span class='ocrx_word' id='word_1_356' title='bbox 2133 2578 2292 2611; x_wconf 84' lang='lat' dir='ltr'><strong>oppugna-</strong></span> 
     </span>
     <span class='ocr_line' id='line_1_107' title="bbox 1771 2618 1831 2647; baseline 0.017 -1"><span class='ocrx_word' id='word_1_357' title='bbox 1771 2618 1831 2647; x_wconf 87' lang='lat' dir='ltr'><strong>tur.</strong></span> 
     </span>
    </p>
   </div>
   <div class='ocr_carea' id='block_1_54' title="bbox 1188 2674 2290 2727">
    <p class='ocr_par' dir='ltr' id='par_1_55' title="bbox 1188 2674 2290 2727">
     <span class='ocr_line' id='line_1_108' title="bbox 1188 2674 2290 2727; baseline 0.002 -10"><span class='ocrx_word' id='word_1_358' title='bbox 1188 2685 1265 2717; x_wconf 88' lang='lat'>1552</span> <span class='ocrx_word' id='word_1_359' title='bbox 1284 2685 1424 2727; x_wconf 88' lang='lat' dir='ltr'><strong>Ignatius</strong></span> <span class='ocrx_word' id='word_1_360' title='bbox 1442 2685 1583 2718; x_wconf 84' lang='lat' dir='ltr'><strong>elaborat</strong></span> <span class='ocrx_word' id='word_1_361' title='bbox 1598 2686 1718 2718; x_wconf 89' lang='lat' dir='ltr'><strong>metho-</strong></span> <span class='ocrx_word' id='word_1_362' title='bbox 1751 2676 1838 2708; x_wconf 78' lang='lat'>1551·</span> <span class='ocrx_word' id='word_1_363' title='bbox 1868 2676 1915 2708; x_wconf 80' lang='grc'><strong>18·</strong></span> <span class='ocrx_word' id='word_1_364' title='bbox 1944 2675 2018 2707; x_wconf 66' lang='lat' dir='ltr'><strong>Feb·</strong></span> <span class='ocrx_word' id='word_1_365' title='bbox 2067 2674 2174 2707; x_wconf 66' lang='lat' dir='ltr'><strong>Prima·</strong></span> <span class='ocrx_word' id='word_1_366' title='bbox 2200 2674 2231 2707; x_wconf 77' lang='lat' dir='ltr'><strong>S·</strong></span> <span class='ocrx_word' id='word_1_367' title='bbox 2260 2674 2290 2707; x_wconf 47' lang='lat' dir='ltr'><strong>J·</strong></span> 
     </span>
    </p>
   </div>
   <div class='ocr_carea' id='block_1_55' title="bbox 1208 2729 1632 2763">
    <p class='ocr_par' dir='ltr' id='par_1_56' title="bbox 1208 2729 1632 2763">
     <span class='ocr_line' id='line_1_109' title="bbox 1208 2729 1632 2763; baseline 0.002 -2"><span class='ocrx_word' id='word_1_368' title='bbox 1208 2729 1283 2761; x_wconf 89' lang='lat' dir='ltr'><strong>dum</strong></span> <span class='ocrx_word' id='word_1_369' title='bbox 1304 2730 1480 2763; x_wconf 86' lang='lat' dir='ltr'><strong>debellandi</strong></span> <span class='ocrx_word' id='word_1_370' title='bbox 1499 2731 1632 2763; x_wconf 89' lang='lat' dir='ltr'><strong>Mauros.</strong></span> 
     </span>
    </p>
   </div>
   <div class='ocr_carea' id='block_1_56' title="bbox 1434 3094 1473 3126">
    <p class='ocr_par' dir='ltr' id='par_1_57' title="bbox 1434 3094 1473 3126">
     <span class='ocr_line' id='line_1_110' title="bbox 1434 3094 1473 3126; baseline -0.026 0"><span class='ocrx_word' id='word_1_371' title='bbox 1434 3094 1473 3126; x_wconf 82' lang='lat'><strong>20</strong></span> 
     </span>
    </p>
   </div>
   <div class='ocr_carea' id='block_1_57' title="bbox 1767 2718 2291 2797">
    <p class='ocr_par' dir='ltr' id='par_1_58' title="bbox 1767 2718 2291 2797">
     <span class='ocr_line' id='line_1_111' title="bbox 1767 2718 2291 2761; baseline -0.004 -9"><span class='ocrx_word' id='word_1_372' title='bbox 1767 2720 1873 2752; x_wconf 86' lang='lat' dir='ltr'><strong>schola</strong></span> <span class='ocrx_word' id='word_1_373' title='bbox 1886 2721 1994 2752; x_wconf 82' lang='lat' dir='ltr'><strong>Romae</strong></span> <span class='ocrx_word' id='word_1_374' title='bbox 2011 2718 2149 2761; x_wconf 87' lang='lat' dir='ltr'><strong>aperitur</strong></span> <span class='ocrx_word' id='word_1_375' title='bbox 2175 2718 2207 2751; x_wconf 93' lang='lat' dir='ltr'><strong>in</strong></span> <span class='ocrx_word' id='word_1_376' title='bbox 2225 2718 2291 2750; x_wconf 84' lang='lat' dir='ltr'><strong>foro</strong></span> 
     </span>
     <span class='ocr_line' id='line_1_112' title="bbox 1770 2763 1942 2797; baseline -0.006 0"><span class='ocrx_word' id='word_1_377' title='bbox 1770 2765 1835 2797; x_wconf 85' lang='lat' dir='ltr'><strong>Ara</strong></span> <span class='ocrx_word' id='word_1_378' title='bbox 1856 2763 1942 2797; x_wconf 88' lang='lat' dir='ltr'><strong>Coeli.</strong></span> 
     </span>
    </p>
   </div>
   <div class='ocr_carea' id='block_1_58' title="bbox 1752 2824 2293 3046">
    <p class='ocr_par' dir='ltr' id='par_1_59' title="bbox 1752 2824 2293 3046">
     <span class='ocr_line' id='line_1_113' title="bbox 1752 2824 2293 2867; baseline -0.002 -9"><span class='ocrx_word' id='word_1_379' title='bbox 1752 2826 1828 2859; x_wconf 89' lang='lat'>1551</span> <span class='ocrx_word' id='word_1_380' title='bbox 1869 2826 2002 2858; x_wconf 86' lang='lat' dir='ltr'><strong>Broetus</strong></span> <span class='ocrx_word' id='word_1_381' title='bbox 2034 2825 2152 2867; x_wconf 86' lang='lat' dir='ltr'><strong>primus</strong></span> <span class='ocrx_word' id='word_1_382' title='bbox 2191 2824 2293 2857; x_wconf 71' lang='lat' dir='ltr'><strong>Italiae</strong></span> 
     </span>
     <span class='ocr_line' id='line_1_114' title="bbox 1770 2869 2290 2909; baseline -0.006 -5"><span class='ocrx_word' id='word_1_383' title='bbox 1770 2873 1983 2909; x_wconf 84' lang='lat' dir='ltr'><strong>Provincialis;</strong></span> <span class='ocrx_word' id='word_1_384' title='bbox 2021 2869 2068 2902; x_wconf 90' lang='lat'><strong>25.</strong></span> <span class='ocrx_word' id='word_1_385' title='bbox 2104 2869 2178 2902; x_wconf 89' lang='lat' dir='ltr'>Jun.</span> <span class='ocrx_word' id='word_1_386' title='bbox 2213 2869 2290 2901; x_wconf 91' lang='lat'>1552</span> 
     </span>
     <span class='ocr_line' id='line_1_115' title="bbox 1770 2913 2291 2954; baseline -0.002 -7"><span class='ocrx_word' id='word_1_387' title='bbox 1770 2915 1905 2954; x_wconf 85' lang='lat' dir='ltr'><strong>Parisiis,</strong></span> <span class='ocrx_word' id='word_1_388' title='bbox 1934 2918 1972 2947; x_wconf 89' lang='lat' dir='ltr'><strong>ut</strong></span> <span class='ocrx_word' id='word_1_389' title='bbox 1998 2915 2195 2946; x_wconf 71' lang='lat' dir='ltr'><strong>provincialis</strong></span> <span class='ocrx_word' id='word_1_390' title='bbox 2220 2913 2291 2946; x_wconf 80' lang='lat' dir='ltr'><strong>Gal-</strong></span> 
     </span>
     <span class='ocr_line' id='line_1_116' title="bbox 1771 2958 2292 3001; baseline -0.006 -9"><span class='ocrx_word' id='word_1_391' title='bbox 1771 2960 1828 2993; x_wconf 83' lang='lat' dir='ltr'>liae.</span> <span class='ocrx_word' id='word_1_392' title='bbox 1862 2959 2008 3001; x_wconf 85' lang='lat' dir='ltr'><strong>Cleysson</strong></span> <span class='ocrx_word' id='word_1_393' title='bbox 2040 2961 2072 2991; x_wconf 88' lang='lat' dir='ltr'><strong>et</strong></span> <span class='ocrx_word' id='word_1_394' title='bbox 2102 2958 2145 2990; x_wconf 88' lang='lat' dir='ltr'><strong>Le</strong></span> <span class='ocrx_word' id='word_1_395' title='bbox 2166 2958 2229 2990; x_wconf 87' lang='lat' dir='ltr'><strong>Bas</strong></span> <span class='ocrx_word' id='word_1_396' title='bbox 2259 2958 2292 2989; x_wconf 89' lang='lat' dir='ltr'><strong>in</strong></span> 
     </span>
     <span class='ocr_line' id='line_1_117' title="bbox 1769 3003 1945 3046; baseline 0 -10"><span class='ocrx_word' id='word_1_397' title='bbox 1769 3003 1945 3046; x_wconf 85' lang='lat' dir='ltr'><strong>provinciis.</strong></span> 
     </span>
    </p>
   </div>
   <div class='ocr_carea' id='block_1_59' title="bbox 1996 3092 2033 3123">
    <p class='ocr_par' dir='ltr' id='par_1_60' title="bbox 1996 3092 2033 3123">
     <span class='ocr_line' id='line_1_118' title="bbox 1996 3092 2033 3123; baseline 0 0"><span class='ocrx_word' id='word_1_398' title='bbox 1996 3092 2033 3123; x_wconf 87' lang='lat'>21</span> 
     </span>
    </p>
   </div>
  </div>
 </body>
</html>
