2372 3550
796 285 915 316 Summi
935 285 1113 321 Pontifices,

259 308 396 339 Historia
415 309 674 346 contemporanea

190 435 277 468 1768.
300 436 348 468 14.
371 436 444 469 Jan.
467 436 487 478 †
508 436 663 478 Josephus
686 436 732 469 Si—

208 489 283 512 mon
298 480 471 520 Assemani,
496 481 607 513 doctus
630 481 732 513 Maro-

208 524 286 564 nita,
307 528 410 558 custos
430 525 626 558 bibliothecae
645 525 733 558 Vati-

210 579 304 602 canae.

193 1282 280 1316 1768.
293 1283 341 1315 30.
355 1282 427 1315 Jan.
440 1282 643 1316 Monitorium
655 1284 736 1316 Pon-

213 1328 306 1361 tificis
317 1328 357 1360 ad
365 1327 549 1370 gubernium
559 1328 736 1362 Parmense.

203 2266 280 2298 1768
306 2265 477 2299 Catharina
504 2266 546 2298 II.
575 2269 607 2299 et
631 2266 744 2299 Frede-

221 2310 302 2343 ricus
322 2310 364 2343 II.
384 2314 499 2353 cogunt
516 2311 688 2350 Poloniam,
707 2314 745 2343 ut

783 331 910 361 Litterae
931 329 1122 367 Apostoiieae

765 436 843 468 1768
899 445 1005 468 omnes
1049 435 1141 467 curiae

785 480 969 513 Burbonicae
988 479 1140 521 importu-

784 536 824 558 ne
856 525 911 557 sed
941 525 1060 557 frustra
1086 534 1142 566 per

784 570 903 612 legatos
917 568 1081 611 postulant
1095 579 1141 601 re-

786 613 1008 647 tractationem
1021 613 1141 652 „Moni-

786 659 890 698 torii“‚
912 662 945 690 et
963 661 1002 690 ut
1020 658 1141 700 Papam

787 702 1047 746 cogerent‚Gallia
1057 712 1145 735 occu-

785 748 877 790 pavit
895 747 1091 780 Avenionem
1111 751 1143 780 et

786 792 994 825 Venescinum
1013 792 1143 824 comita-

786 841 865 876 tum,
899 836 1141 878 Neapolitanum

788 881 981 915 Gubernium
1044 881 1143 913 Bene-

787 930 918 959 ventum
930 930 963 959 et
971 926 1143 958 Pontecur-

789 982 864 1003 vum
884 971 1058 1013 flagitando
1079 971 1140 1012 (11.

787 1016 867 1058 Aug.
899 1016 976 1048 1768
1006 1018 1039 1048 et
1067 1015 1140 1048 Jan.

789 1061 880 1103 1769)
889 1064 927 1093 ut
936 1061 966 1093 S.
977 1061 1007 1093 J.
1018 1060 1144 1102 penitus

789 1105 1046 1148 exstingueretur.
1098 1105 1143 1137 At

789 1150 928 1183 Clemens
938 1150 1032 1183 XIII.
1044 1160 1142 1192 usque

789 1195 830 1227 ad
843 1195 939 1228 finem
953 1195 1089 1227 invictus
1098 1205 1145 1227 re-

789 1240 882 1273 stitit.

770 1419 857 1452 1769.
882 1419 910 1451 2.
934 1418 1009 1451 Feb.
1034 1418 1054 1460 †
1077 1417 1142 1450 Cle-

789 1473 877 1496 mens
897 1462 992 1495 XIII.

772 1777 850 1808 1769
886 1774 948 1817 (15.
984 1774 1075 1817 Maj.)
1108 1794 1147 1797 —

791 1822 871 1852 1774
891 1821 952 1861 (22.
969 1819 1071 1862 Sept.)
1083 1821 1148 1852 ole-

790 1873 879 1898 mens
920 1867 1001 1898 XIV.
1042 1864 1147 1906 (Laur.

791 1908 1015 1951 Ganganellus)
1073 1912 1147 1941 ante

792 1954 974 1987 electionem
1027 1953 1149 1986 nullum

791 2002 921 2041 pactum
958 1998 997 2030 de
1028 1998 1149 2041 suppri-

791 2043 909 2076 menda
925 2043 957 2076 S.
976 2043 1006 2076 J.
1025 2042 1148 2076 inierat.

776 2267 863 2317 1769.
885 2267 932 2299 12.
954 2265 1017 2298 Jul.
1057 2265 1149 2298 Gaeze-

795 2315 888 2344 sctum
913 2320 1083 2343 munerum:
1111 2314 1151 2341 in-

224 2355 494 2394 ‚,Dissidentibus“
518 2355 650 2398 aequalia
672 2366 744 2388 cum
798 2355 936 2391 dmgentia
953 2354 1071 2390 plenaria
1092 2362 1152 2381 ‘mm

224 2399 382 2432 catholicis
408 2400 479 2441 jura
504 2400 723 2433 concedantur.

451 3110 511 3142 346

798 2390 981 2418 benedictione
1012 2390 1152 2425 pontificia

795 2435 843 2463 pro
860 2426 1029 2454 missionibus
1043 2426 1078 2453 ad
1095 2433 1153 2461 sep-

798 2462 927 2490 tenuium.

778 2633 865 2665 1770.
885 2633 932 2665 12.
951 2631 1026 2664 Feb.
1051 2631 1151 2663 Tanta

797 2687 923 2717 semper:
951 2679 1066 2707 Hem-ico
1089 2679 1150 2706 car-

800 2720 882 2749 dinali
902 2720 964 2748 duci
983 2719 1153 2752 Eboracensi,

800 2756 923 2792 episcopo
939 2756 1088 2783 Tusculano
1104 2755 1150 2782 do-

802 2793 884 2820 natur
913 2793 941 2819 G.
974 2791 1152 2818 Tusculanum

799 2828 825 2855 S.
840 2828 865 2855 J.
883 2827 994 2861 (frustra
1009 2827 1153 2854 reclaman-

800 2865 828 2891 te
849 2863 959 2891 civitate
979 2862 1148 2896 Tusculana).

1196 286 1359 323 Praepositi
1380 287 1411 316 et
1431 286 1686 324 congregationes

1359 331 1521 362 Genu-2105
1898 310 1998 347 Italia,
2018 311 2116 341 Gallia

1740 437 1777 469 In
1797 447 1891 479 regno
1911 437 2114 478 Neapolitano
2134 439 2284 472 saeviebat

1758 481 1900 514 minister
1947 482 2130 521 Tanuceius,
2178 483 2285 516 Ferdi-

1759 526 1856 558 nandi
1884 526 1937 559 IV.
1965 527 2200 570 (1767—1825),
2227 528 2285 560 im-

1759 571 1844 612 perio
1860 571 1962 603 adhuc
1976 571 2138 604 immaturi
2152 572 2285 614 (1759—

1761 615 1852 657 1767)
1884 615 1952 648 loco
1983 616 2169 658 gubernans.
2225 617 2285 650 Hic

1741 704 1819 736 1765
1853 704 1957 737 vetuit
1987 704 2140 746 publicari
2167 705 2285 738 bullam

1762 748 1998 790 „Apostolicum
2015 749 2195 791 pascendi“,
2217 761 2286 793 quae

1761 797 1868 825 tamen
1885 792 1950 835 jam
1967 793 2129 835 publicata
2145 794 2250 827 fuerat
2267 806 2286 827 a

1762 837 1920 880 Vice-rege
1937 838 1970 870 in
1988 841 2047 871 tota
2065 838 2189 881 Sicilia,-

1176 1284 1264 1316 1769.
1297 1284 1345 1316 17.
1376 1283 1450 1316 Jun.
1477 1284 1629 1325 Epistola:
1660 1284 1708 1316 De
1742 1284 1820 1315 1767
1848 1293 1919 1316 cum
1947 1282 2213 1317 adolescentulum
2241 1294 2288 1317 re-

1194 1328 1336 1370 precibus
1345 1328 1708 1370 ferventiuspraestandis
1760 1338 1830 1370 gem
1850 1338 1906 1370 per
1926 1328 2148 1361 confessarium
2170 1329 2288 1371 episco-

1194 1383 1250 1415 pro
1267 1373 1461 1415 gravioribus
1473 1373 1638 1406 Societatis
1655 1383 1707 1415 pe·
1761 1383 1837 1414 pum
1859 1372 2007 1405 Latillam
2030 1373 2071 1406 ad
2092 1373 2289 1406 subscriben-

1194 1417 1307 1450 riculis.
1762 1417 1837 1449 dum
1898 1417 2022 1450 decreto
2070 1418 2287 1460 permovisset,

1761 1464 1854 1494 nocte
1875 1462 1904 1494 3.
1928 1462 1969 1494 ad
1991 1463 2018 1495 4.
2043 1462 2123 1495 Nov.
2149 1462 2288 1495 Jesuitas

1763 1517 1779 1538 e
1795 1507 1834 1538 31
1852 1506 2015 1539 domiciliis
2031 1507 2118 1549 regni
2133 1507 2239 1549 pulsos
2255 1507 2289 1540 in

1762 1551 1914 1583 ditionem
1949 1551 2146 1593 pontificiam
2181 1551 2288 1594 ejecit;

1763 1595 1874 1628 deinde
1901 1596 2021 1628 artibus
2048 1596 2111 1628 suis
2139 1596 2288 1636 obtinuit,

1763 1643 1800 1672 ut
1826 1640 1909 1672 idem
1936 1640 2027 1673 fieret
2053 1641 2150 1673 Sociis
2177 1641 2289 1674 Siculis

1764 1688 1797 1717 et
1831 1695 1888 1727 per
1923 1685 2109 1727 magistrum
2146 1685 2289 1728 equitum

1762 1729 1870 1771 paucis
1908 1730 2037 1762 Jesuitis
2073 1729 2289 1763 Melitensibus

1748 2264 1784 2296 In
1801 2263 1916 2295 Parma
1931 2263 2078 2296 Tiliottus
2093 2263 2158 2305 (Du
2173 2262 2291 2305 Tillot),

1766 2308 1884 2350 primus
1907 2307 2090 2341 administer
2111 2307 2198 2340 ducis
2219 2308 2292 2340 Fer-

1766 2352 1897 2384 dinandi
1924 2352 2104 2394 impuberis,
2134 2352 2205 2394 jura
2232 2352 2292 2385 Ec-

1767 2397 1875 2436 clesiae,
1895 2396 1984 2438 cujus
2002 2397 2131 2429 feudum
2150 2399 2218 2429 erat
2235 2396 2292 2429 du-

1767 2445 1856 2474 catus
1888 2441 2018 2480 Parmae,
2066 2441 2196 2473 diversis
2230 2441 2292 2483 pri-

1766 2496 1854 2518 mum
1882 2486 2023 2525 decretis,
2051 2489 2209 2527 postremo
2236 2495 2292 2527 per

1768 2530 1988 2570 „Sanctionem
2042 2529 2291 2573 pragmaticam“

1766 2575 1810 2616 (d.
1835 2575 1883 2607 16.
1904 2575 1977 2607 Jan.
2002 2575 2094 2617 1768)
2117 2574 2291 2617 spernendo

1766 2620 1861 2661 Papae
1870 2619 1992 2651 monita
2002 2618 2161 2658 salutaria,
2173 2618 2291 2661 gravis-

1767 2664 1843 2696 sime
1851 2663 2032 2696 violaverat.
2046 2663 2186 2696 Clemens
2194 2663 2289 2695 XIII.

1767 2708 1875 2750 (Brevi
1911 2707 2092 2751 Monitorio)
2129 2708 2177 2740 30.
2216 2707 2289 2740 Jan.

1767 2752 1872 2785 omnia
1909 2752 1972 2784 ista
2010 2751 2150 2784 invalida
2189 2751 2291 2784 decla-

1766 2797 1851 2830 ravit
1865 2795 2140 2829 excommunicatis
2156 2795 2291 2828 auctori-

1186 2842 1401 2876 1773.21.Feb.
1413 2842 1564 2884 Epistola:
1576 2842 1624 2874 De
1632 2852 1714 2874 novo
1767 2842 1825 2874 bus
1844 2844 1877 2874 et
1894 2840 2155 2883 cooperatoribus.

1203 2889 1244 2921 ad
1255 2898 1360 2930 preces
1370 2887 1576 2919 incitamento
1587 2886 1620 2918 in
1632 2897 1714 2918 sum-

1202 2942 1254 2966 mo
1274 2931 1440 2965 Societatis
1460 2930 1645 2964 discrimine.

1417 3109 1477 3140 348
1981 3106 2041 3138 349
