2372 3550
299 291 436 322 Historia
456 291 714 328 contemporanea

838 269 956 299 summi
976 269 1152 305 Pontifices,

825 314 952 343 Litterae
973 313 1162 350 Apostolicae

1237 270 1400 306 Praepositi
1420 270 1451 300 et
1472 269 1728 308 Congregationes

1401 315 1563 345 Generales

1939 295 2040 332 Italia,
2059 296 2158 326 Gallia

229 418 317 451 1725.
331 418 379 451 26.
393 418 465 450 Jan.
479 418 682 460 Approbatur
693 418 772 450 Con·
805 418 892 451 1725.
912 419 939 451 4.
958 419 1050 451 Mart.
1072 419 1179 451 Postu—

248 463 386 505 gregatio
418 463 565 495 Fratrum
597 462 771 495 scholarum
821 463 862 494 lat
899 463 1080 495 humilitati:
1121 476 1180 502 pro-

250 507 502 546 christianarum,
517 517 535 538 a
547 507 577 539 S.
593 507 623 539 J.
639 507 674 539 B.
690 507 772 539 dela
826 507 894 533 moti
912 507 947 533 ad
965 507 1110 542 dignitates
1138 516 1178 534 eo—

248 552 329 584 Salle
346 552 378 594 (†
396 552 485 593 1719)
502 552 651 584 inchoata
668 552 755 584 1688.

228 685 306 718 1725
328 685 471 727 Synodus
494 685 720 718 Lateranensis.

228 998 318 1030 Russ.
334 997 505 1030 Catharina
520 997 544 1030 I.
561 997 757 1029 1725—1727

257 1045 291 1074 et
308 1042 420 1074 Petrus
440 1042 481 1074 ΙΙ.
503 1042 708 1075 1727-1730.

224 1354 315 1396 Anql.
333 1354 482 1396 Georgius
500 1354 541 1387 ΙΙ,
561 1355 766 1388 1727-1760.

225 1488 302 1520 1728
326 1487 518 1520 Constitutio
544 1488 687 1527 „Fidelr‘
711 1499 768 1530 pro

244 1532 358 1565 Sicilia.

224 1711 420 1743 1728—1768
456 1711 588 1753 Insignis
622 1711 769 1744 aetivitas

242 1755 396 1788 litteraria
440 1756 574 1788 fratrum
621 1755 769 1788 Ballerini

243 1800 342 1841 (Petri
359 1803 392 1832 et
409 1799 615 1842 Hieronymi),
634 1800 768 1843 discipu-

243 1844 344 1876 lorum
364 1844 394 1877 S.
415 1844 446 1877 J.

224 1979 311 2010 1729.
350 1979 398 2010 26.
427 1978 501 2010 Dec.
539 1978 559 2020 †
588 1978 769 2011 Honoratus

243 2022 408 2065 Tourncly‚
455 2023 651 2055 adversarius
697 2024 767 2056 doc-

243 2067 381 2100 tissimus
400 2067 661 2100 Janscnistarum.

225 2201 316 2234 Russ.
333 2200 427 2233 Anna
442 2201 648 2234 1730-1740,

224 2335 301 2366 1731
315 2334 487 2367 Lutherani
501 2334 700 2377 expelluntur
713 2336 767 2368 Sa-

242 2378 389 2422 lisburgo.

224 2513 301 2544 1732
319 2512 522 2555 Congregatio
540 2513 592 2546 SS.
612 2513 767 2556 Redemp-

243 2557 319 2589 toris
342 2557 479 2590 fundata
510 2568 529 2590 a
550 2558 581 2590 S.
604 2557 766 2599 Alphonso

242 2601 284 2634 M.
311 2611 331 2633 a
354 2601 477 2644 Ligorio
502 2602 692 2644 (approbata
717 2603 764 2635 25.

243 2645 318 2678 Feb.
341 2646 442 2688 1749).

224 2779 302 2811 1733
334 2778 460 2811 Carolus
492 2779 669 2812 Alexander
701 2780 766 2812 dux

243 2823 482 2866 Wiirtembergii
499 2824 680 2857 catholicus.

471 3089 530 3122 290

1312 449 1355 474 Pr.
1372 449 1554 479 Lugdunensis
1571 449 1647 476 1725.

1260 502 1287 527 c.
1304 500 1426 535 Lugdun.
1458 501 1503 527 SS.
1529 501 1633 533 Trinit.,
1664 503 1734 529 Ave-

1226 536 1361 568 nionense,
1378 536 1522 568 Dolanum,
1541 537 1733 570 Camberiense,

1225 573 1358 606 Aquense,
1372 572 1537 604 Arelatense,
1552 573 1733 606 Bisuntinum‚

1225 608 1369 642 Burgense,
1403 608 1586 640 Cabilonense,
1620 609 1733 644 Carpen-

1225 645 1384 675 toractense,
1413 643 1611 676 Ebredunense‚
1641 645 1733 679 Graja-

826 543 986 569 clesiasticas
993 545 1131 578 nequeunt
1142 552 1181 570 se-

826 586 886 605 cum
904 580 1011 612 portare
1029 579 1084 606 ulla
1100 579 1179 607 bona.

1225 687 1309 710 cense,
1331 679 1581 714 Gratianopolitan.‚
1610 680 1732 715 Lugdun.

1224 715 1256 742 B.
1278 715 1313 741 M.
1336 715 1377 746 V.‚
1394 715 1597 747 Matisconcnsc,
1617 716 1733 743 Nemau-

1224 759 1308 782 sense,
1336 751 1534 783 Rodumnense,
1560 752 1732 785 Vesulanum,

1225 786 1388 818 Viennense;

1259 832 1326 863 pr.
1361 831 1502 863 Avenion.,
1538 831 1732 867 Lugdunensis,

1225 866 1381 899 Salinensis;

1262 913 1331 938 Sem.
1339 911 1466 946 Aptense,
1475 911 1675 945 Ebredunense,
1684 913 1732 940 Te-

1224 947 1345 979 lonense;

1258 992 1292 1018 R.
1309 991 1408 1018 Massil.
1428 991 1454 1018 S.
1474 992 1574 1024 Crucis,
1594 994 1622 1019 et
1639 993 1664 1020 S.
1685 993 1731 1020 Ja-

1225 1027 1293 1059 cobi,
1325 1027 1522 1061 Forojuliensis,
1555 1028 1731 1062 Parodiensis,

1225 1063 1450 1095 Pontissaliensis3

1257 1109 1294 1134 M.
1314 1107 1499 1140 Cebennensis,
1521 1108 1634 1140 Diensis,
1655 1109 1730 1136 Mon-

1223 1143 1343 1175 tiliensis,
1369 1143 1535 1176 Ornacensis,
1561 1145 1729 1179 Pragellana;

1341 1196 1399 1223 Sac.
1476 1197 1526 1224 365

1544 1197 1560 1302 ι
1578 1234 1628 1260 709

803 685 889 717 1725,
903 686 949 717 21.
962 685 983 717 J
985 696 1036 717 un.
1049 686 1177 726 Aposto-

823 730 889 762 zieae
898 730 1058 762 servitutis:
1066 734 1179 768 B.Aloy-

824 774 878 800 sius
897 773 1048 801 declaratur
1058 775 1180 809 specialis

824 811 953 844 patronus
958 810 1119 838 scholarium
1125 811 1179 839 S.J.

803 954 890 986 1726.
912 954 960 986 31.
981 953 1056 986 Dec.
1078 954 1177 986 Bullae

822 998 1066 1031 canonizationis
1074 1009 1081 1030 ε

822 1050 909 1100 1..Β.
932 1051 1065 1101 Aloysii:
1089 1052 1176 1084 Chri-

820 1098 929 1127 sttanae
947 1099 1077 1135 mrtutes,

822 1150 849 1181 2.
865 1148 900 1180 B.
915 1149 1076 1181 Stanislai:
1093 1149 1177 1182 Dum

822 1193 936 1226 Christi
956 1204 1031 1226 voce.

1340 1231 1427 1259 Schol.
1476 1233 1526 1259 176

1341 1267 1421 1295 Goad.
1476 1269 1526 1296 168

803 1354 889 1385 1727.
929 1354 976 1386 12.
1013 1354 1088 1386 Dec.
1126 1355 1177 1386 Ad

821 1408 908 1429 aures
944 1402 1077 1431 nostras:
1116 1411 1176 1430 con-

822 1441 947 1468 firmatur
953 1442 1090 1469 decretum
1097 1443 1179 1470 Tour-

822 1478 900 1504 nom's
919 1478 945 1505 d.
963 1478 1004 1505 23.
1025 1479 1089 1506 Jun.
1112 1479 1179 1506 1704

823 1522 871 1548 pro
893 1513 1066 1541 missionariis
1088 1515 1116 1541 in
1136 1523 1176 1542 re-

819 1549 878 1584 gnis
912 1549 1016 1576 Madur.
1044 1550 1175 1584 Mayssur.

823 1587 851 1612 et
869 1585 1034 1618 Camatensi,
1051 1588 1079 1613 et
1088 1586 1176 1613 decre-

822 1622 883 1647 tum
903 1620 937 1647 de
958 1621 1055 1649 Parcas
1075 1622 1177 1650 servari

823 1656 941 1691 jubetur.

1210 1491 1296 1523 1730.
1313 1491 1361 1523 28.
1376 1491 1451 1523 Feb.
1467 1491 1487 1533 †
1500 1493 1637 1529 Angelus
1651 1494 1742 1524 Tam-

1228 1537 1366 1568 hurinus.

1208 1714 1329 1753 Rem,
1351 1715 1532 1746 Franciscus
1559 1715 1638 1756 (nat.
1665 1716 1739 1747 Pra-

1228 1768 1274 1800 gae
1291 1759 1379 1797 1673,
1397 1759 1475 1790 1689
1490 1759 1583 1801 ingr.)
1596 1760 1746 1792 docuerat

1228 1802 1457 1844 philosophiam
1476 1803 1638 1843 Olomueii,
1655 1805 1742 1836 theo-

1228 1846 1342 1889 logiam
1378 1848 1495 1890 Pragae,
1529 1848 1591 1881 fuit
1627 1849 1742 1881 Rector

1227 1893 1258 1924 Ο.
1275 1891 1460 1924 Clementini
1474 1893 1647 1935 Pragensis,
1667 1894 1742 1926 Pro-

1227 1936 1368 1969 vincialis
1385 1937 1541 1969 Bohemiae
1554 1942 1586 1970 et
1602 1938 1641 1970 ab
1659 1949 1740 1971 anno

802 1783 888 1814 1728.
902 1782 1026 1815 12.Jun.
1039 1783 1178 1825 Iny'uncti

820 1827 922 1859 nobis:
962 1830 1024 1857 Non
1063 1833 1171 1859 tenetur

821 1871 847 1898 S.
866 1871 893 1898 J.
913 1870 1027 1898 dimissis
1047 1871 1110 1899 dare
1128 1872 1175 1899 ali-

821 1908 1068 1942 menta,congruam
1075 1910 1123 1935 aut
1129 1917 1175 1943 pa-

822 1942 987 1970 trimonium.

1783 423 1861 455 1724
1871 423 1949 455 Cum
1958 422 2042 455 leves
2060 423 2186 465 quidem
2202 424 2257 456 sed
2266 424 2325 456 fre-

1803 470 1932 509 quentes
1958 471 2048 500 terrae
2071 471 2176 500 motus
2201 468 2323 508 fierent,

1802 511 1875 544 socii
1901 513 1931 545 G.
1956 512 2163 545 Ariminensis
2187 513 2323 554 primum

1800 556 1833 588 in
1860 556 1975 589 vicinia
2001 557 2180 589 habuerunt
2205 557 2324 590 missio-

1800 611 1862 640 nes,
1874 601 1921 633 ita
1931 605 1968 633 ut
1979 611 2018 634 ne
2029 612 2109 633 unus
2123 601 2248 643 quidem
2259 612 2323 634 non

1801 645 1957 678 confessus
1975 650 2158 685 remaneret,
2179 646 2251 678 dein
2269 657 2324 688 per

1801 693 1902 721 totam
1921 690 2030 722 urbem
2049 690 2131 723 idem
2150 691 2251 723 facere
2272 701 2323 733 ag-

1799 734 1894 776 gressi
1940 738 2014 767 sunt
2059 745 2130 767 cum
2175 745 2322 777 prospero

1801 782 1925 812 eventu.

1779 1091 1856 1123 1725
1877 1091 2030 1123 Dominus
2052 1091 2090 1123 de
2111 1091 2157 1124 St.
2180 1092 2321 1131 Gervais‚

1797 1135 1973 1167 Salinarum
1993 1136 2128 1174 aerarius,
2150 1146 2220 1168 cum
2240 1136 2322 1169 male

1796 1190 1843 1212 res
1870 1190 1941 1212 suas
1966 1180 2118 1222 gessisset,
2145 1184 2183 1212 ut
2209 1181 2321 1223 capitis

1796 1225 1967 1266 periculum
2006 1225 2131 1264 vitaret,
2170 1225 2204 1257 in
2242 1227 2321 1264 pr.

1795 1269 1967 1302 Salinensis
1986 1270 2135 1312 confugit,
2155 1269 2210 1302 ubi
2227 1280 2284 1312 per
2301 1270 2320 1302 5

1795 1324 1915 1346 menses
1948 1314 2082 1347 delituit.
2140 1314 2209 1352 Quo
2241 1317 2320 1347 tem-

1794 1369 1869 1400 pore
1890 1369 1964 1391 usus
1987 1362 2035 1391 est
2056 1359 2097 1391 ad
2118 1369 2225 1391 veram
2248 1369 2320 1391 con-

1796 1403 1968 1436 versionem
2007 1407 2039 1436 et
2075 1403 2211 1446 generali
2248 1414 2320 1436 con-

1795 1448 1926 1480 fessione
1946 1451 2075 1490 peraeta
2093 1448 2127 1480 in
2147 1448 2319 1481 virtutibus

1795 1493 1842 1525 ita
1857 1492 2000 1534 profecit,
2019 1496 2056 1525 ut
2072 1496 2192 1534 postea,
2226 1493 2319 1526 rebus

1796 1536 1985 1579 compositis,
2005 1537 2110 1579 palam
2128 1537 2161 1569 in
2179 1537 2256 1570 urbe
2273 1537 2320 1569 vi-

1795 1592 1880 1621 vens,
1922 1592 1999 1624 quos
2037 1581 2206 1614 licentioris
2244 1582 2320 1615 vitae

1795 1625 1936 1668 exemplo
1959 1626 2235 1666 scandalizaverat,
2252 1626 2318 1669 jam

1795 1671 1848 1713 pia
1866 1671 1940 1703 vitae
1958 1671 2079 1704 ratione
2098 1671 2276 1704 aedificaret.

1227 1981 1304 2013 1725
1320 1981 1476 2014 Assistens
1492 1992 1548 2024 pro
1565 1983 1740 2016 Germania.
1773 1983 1851 2015 1726
1882 1983 1959 2015 Cum
1989 1982 2063 2015 urbs
2095 1982 2317 2015 Panormitam

801 2068 888 2100 1729.
920 2068 968 2100 23.
990 2068 1075 2110 Sept.
1097 2069 1174 2101 Red-

820 2112 961 2153 emptoris
989 2113 1096 2145 nostri:
1127 2117 1174 2144 eri-

821 2156 894 2191 gitur
918 2156 1045 2191 primaria
1062 2157 1174 2193 Congre-

821 2192 894 2227 gatio
911 2192 987 2219 bonae
1003 2193 1105 2221 mortis.

801 2336 1177 2369 lrao—wclemensxn.
1206 2337 1292 2369 1730.
1314 2339 1341 2370 7.
1355 2337 1447 2370 Mart.
1470 2338 1530 2370 Hic
1551 2338 1741 2371 unanimiter

1225 2381 1340 2414 electus
1357 2385 1413 2415 est.
1435 2382 1514 2425 Ejus
1533 2383 1737 2416 Generalatus

1226 2430 1293 2458 erat
1308 2430 1432 2469 tempus
1449 2427 1561 2470 quietis
1577 2431 1651 2460 ante
1665 2438 1737 2470 pro-

799 2514 886 2546 1731.
910 2514 958 2545 22.
982 2513 1061 2555 Aug.
1085 2513 1172 2545 Gom·
1225 2470 1344 2504 cellam·

818 2558 919 2590 missae
948 2557 1046 2589 nobis:
1081 2569 1171 2588 eonce-

821 2601 895 2628 ditur
912 2601 1032 2628 officium
1050 2602 1076 2628 S.
1089 2601 1106 2628 J
1109 2610 1171 2628 oan-

820 2638 861 2664 nis
871 2637 1054 2672 Ncpomucenj
1063 2645 1123 2664 cum
1132 2638 1171 2664 in-

821 2672 960 2708 dulgentia
977 2672 1104 2707 plenaria.

799 2779 886 2812 1733.
907 2780 935 2811 2.
955 2779 1025 2812 Oct.
1045 2779 1173 2820 Aposto-

819 2823 884 2856 licoe
896 2823 1102 2864 providentioe:
1125 2836 1171 2862 per

819 2867 912 2894 laudes
926 2867 1085 2895 thomisticae
1097 2868 1172 2895 scho-

820 2903 852 2930 1ae
885 2902 952 2930 nihil
988 2904 1030 2930 est
1069 2903 1172 2930 detrac-

819 2940 880 2966 tum
927 2938 1029 2966 caeteris
1075 2939 1172 2966 scholis

820 2974 898 3002 aliter
914 2973 1006 3010 gratiae
1024 2974 1172 3003 efficaciam

821 3009 1026 3045 explicantibus.

956 3090 1013 3122 291
1438 3093 1497 3124 292

1792 2031 1882 2059 terrae
1904 2030 1993 2059 motu
2017 2031 2244 2067 concuteretur,
2268 2037 2316 2060 so-

1792 2072 1831 2104 cii
1850 2075 1920 2104 tota
1938 2075 2031 2104 nocte
2051 2076 2083 2104 et
2114 2071 2315 2114 sequentibus

1792 2116 1900 2148 diebus
1913 2116 2119 2149 confessiones
2133 2116 2315 2156 audiebant,

1792 2161 1991 2193 concionibus
2023 2161 2064 2193 ad
2094 2161 2315 2203 poenitentiam

1790 2205 2009 2245 hortabantur,
2024 2205 2140 2238 multos
2156 2206 2197 2238 ad
2210 2206 2314 2238 Deum

1791 2253 1824 2282 et
1840 2250 1937 2282 bonos
1953 2260 2054 2283 mores
2070 2250 2272 2283 reduxerunt.

1770 2517 1846 2549 1731
1870 2517 1921 2549 Lis
1951 2518 1982 2549 G.
2006 2516 2209 2549 Camertem
2238 2520 2313 2549 ante

1788 2562 1827 2593 80
1835 2561 1901 2603 jam
1911 2571 2008 2593 annos
2017 2561 2107 2594 illata
2113 2571 2132 2593 a
2141 2561 2312 2593 Seminario

1789 2605 1988 2645 Javennensi,
2020 2605 2101 2638 circa
2139 2605 2312 2647 prioratum

1790 2650 1957 2692 quendam,
1969 2650 2067 2682 amice
2084 2650 2290 2692 componitur.

2002 3092 2061 3125 293
