2372 3550
298 318 435 349 Historia
455 318 713 354 contemporanea
835 295 953 324 summi
973 294 1150 330 P⁰ntifi⁰e⁵’

826 339 949 369 Litterae
970 338 1156 375 Apostolicae

1235 294 1394 332 Praepositi
1415 294 1446 325 et
1466 295 1722 332 congregationes

1396 339 1558 370 Generales

1935 319 2036 355 Italia,
2055 319 2154 349 Gallia

806 445 1003 475 1829—1830
1013 445 1085 475 Pius
1095 445 1177 476 VIII.
1209 444 1232 471 4·
1252 443 1333 485 etiam
1353 443 1400 478 qui
1417 443 1556 484 theologiae
1575 452 1622 479 per
1640 444 1746 479 quadri·
1776 445 1941 487 Catalogos
1950 445 2003 478 Pr.
2012 445 2320 479 Galziae1814—1836

1254 487 1361 506 enmum
1378 487 1433 505 ¹¹⁰³
1450 479 1627 514 applicantur,
1645 480 1746 507 theolo-
1787 500 1826 522 ex
1868 490 1995 522 archivo
2026 490 2197 522 domestico
2231 491 2321 523 annis

1253 515 1301 550 giae
1330 515 1487 550 dogmaticae
1516 515 1642 542 notitiam
1670 516 1746 542 suffi-

1253 550 1367 577 cientem
1381 550 1517 585 acquirere
1531 551 1642 584 debent;

227 579 299 611 Lus.
324 578 423 610 Maria
448 578 489 610 Π.
516 577 721 609 1834—1853.
805 578 1002 608 1831—1846
1038 578 1178 614 Gregori-

824 630 861 652 us
881 623 961 655 XVI.

1210 603 1234 630 5.
1251 603 1343 638 lingua
1365 603 1451 630 latina
1474 604 1582 631 omnino
1606 604 1746 631 retinenda

1253 641 1294 665 est
1309 638 1337 665 in
1354 639 1478 667 docendis
1494 639 1588 675 logica,
1604 640 1745 674 metaphy-

1252 674 1316 706 sica,
1331 674 1478 711 theologia;

1210 728 1233 754 6.
1251 727 1321 754 ratio
1335 727 1485 754 studiorum
1498 728 1644 755 revidenda
1657 730 1685 755 et
1697 736 1744 755 no-

1251 763 1313 789 stris
1326 764 1491 798 temporibus
1505 764 1743 797 accommodanda;

440 844 446 850 ·
1159 848 1164 852 η
1210 816 1233 842 7.
1252 815 1408 850 prohibetur
1418 817 1523 851 abjecte
1533 817 1606 851 loqui
1617 817 1649 843 de
1660 817 1743 852 gradu

226 844 329 877 Austr.
356 845 382 876 F
384 844 572 877 erdlnandus
600 844 625 876 I.
653 844 770 875 1835*
804 844 890 876 1832.
910 845 938 876 2.
958 844 1032 885 Apr.
1052 848 1177 875 concedi·
1252 852 1444 886 coadjutorum
1463 853 1651 887 spiritualium

246 890 334 922 1848.
824 890 869 914 tur
885 888 1052 929 indfflgenpiff
1062 889 1181 929 plenaria
1210 905 1234 932 8.
1253 904 1376 939 quaedam
1392 905 1425 932 de
1441 904 1584 940 disciplinae
1601 905 1743 932 observan-

824 925 887 958 post
892 924 986 951 domus
992 926 1183 952 Vlsitatlonem.
1252 941 1300 968 tia·

225 1245 303 1277 1835
328 1245 545 1277 Resuscitatur
569 1245 695 1286 spiritus
719 1255 768 1277 ca·
802 1245 889 1277 1833.
914 1246 960 1277 13.
985 1245 1057 1277 Jan.
1088 1248 1176 1276 Datur

245 1289 378 1321 tholicus
405 1289 439 1321 in
462 1289 638 1322 Germania.
668 1289 768 1331 Sorip-
822 1289 937 1331 facultas
950 1289 1105 1331 ‘accipian-di
1126 1289 1176 1316 mi-

245 1337 327 1366 tores
363 1334 543 1376 apologetae‚
579 1337 616 1366 ut
650 1334 769 1366 Mohler
821 1325 1178 1366 ἾθΠᾶΠθωῨῡΠθὲΡὸΑΨθ·

245 1379 277 1420 (Ἰ,
298 1378 403 1420 1838).
428 1378 643 1420 ‚‚Symb0l.lk“.
822 1369 893 1393 rlcae,
910 1361 1175 1396 Anghae,H1bern1ae.

1208 1244 1295 1276 1830.
1305 1245 1331 1276 7.
1345 1243 1409 1276 Jul.
1425 1244 1577 1285 Epistola:
1597 1248 1638 1276 De
1652 1256 1741 1276 amore

1229 1288 1370 1315 Societatis
1386 1290 1414 1315 et
1429 1288 1553 1316 Instituti
1567 1289 1660 1316 nostri.

1209 1547 1296 1580 1831.
1306 1546 1354 1579 24.
1364 1547 1386 1579 J
1387 1546 1428 1580 ul.
1446 1547 1598 1588 Epistola:
1611 1552 1741 1580 Detribu-

1229 1591 1375 1619 laffionibus
1387 1593 1415 1619 et
1426 1591 1662 1626 persecutionibus.

223 1690 313 1732 Anql.
343 1690 482 1722 Victoria
509 1690 716 1723 1837—1901.
801 1691 888 1723 1838.
917 1691 963 1723 13.
990 1690 1065 1732 Maj.
1097 1694 1177 1721 datm

820 1735 934 1761 facultas
950 1734 1122 1761 missionariis

801 1780 824 1806 1.
842 1779 951 1805 missam
972 1779 1039 1805 hora
1059 1779 1093 1805 2a
1114 1780 1177 1814 post

842 1814 960 1841 mediam
982 1816 1087 1842 noctem
1110 1814 1176 1841 cele-

842 1850 948 1883 brandi,
960 1852 988 1877 et

800 1895 824 1921 2.
842 1894 982 1921 missarum
998 1894 1132 1929 stipendia
1148 1896 1175 1921 61

844 1930 904 1964 jura
918 1930 993 1957 stolae
1007 1930 1036 1957 in
1045 1930 1174 1957 missioni-

842 1966 893 1992 bus
907 1966 1004 1993 exteris
1019 1966 1173 2001 aecipiendi.

1208 1850 1296 1883 1833.
1310 1851 1340 1882 3.
1352 1850 1426 1882 Dee.
1453 1850 1567 1891 Epist:
1591 1855 1631 1882 De
1642 1855 1743 1882 missio-

1228 1903 1293 1921 num
1326 1896 1478 1921 exterarum
1511 1895 1640 1923 desiderio
1672 1896 1741 1923 exei-

1229 1930 1313 1957 tando
1331 1932 1359 1957 et
1374 1931 1500 1958 fovendo.

224 1958 302 1989 1837
327 1957 364 1989 In
388 1957 535 1989 Borussia
558 1957 768 1990 condemnan-

241 2005 294 2034 tur
321 2005 353 2033 61
381 2002 500 2044 captivi
528 2005 675 2034 tenentur
703 2002 768 2035 Cle-

241 2056 328 2078 mens
338 2046 509 2088 Augustus,
520 2046 769 2089 archiepiscopus

242 2090 430 2123 Coloniensis
446 2091 479 2133 (†
495 2091 596 2133 1845),
614 2094 646 2123 et
662 2091 767 2134 (1839)

241 2135 396 2167 Martinus
422 2135 460 2167 de
485 2135 602 2175 Dunin,
630 2135 764 2178 archiep.

240 2179 403 2212 Posnaniae
421 2179 453 2222 (†
472 2180 519 2212 26.
539 2180 615 2213 Dec.
637 2180 737 2222 1842).
1208 2189 1294 2221 1834.
1304 2189 1351 2220 27.
1364 2189 1438 2221 Dee.
1452 2188 1604 2229 Epistola:
1615 2193 1656 2221 De
1665 2194 1740 2229 spiri-

1228 2233 1343 2260 tualium
1356 2233 1542 2260 exercitiorum
1554 2234 1580 2261 S.
1595 2234 1624 2262 P.
1637 2234 1671 2262 N.
1685 2236 1740 2262 stu-

1230 2268 1274 2295 dio
1292 2270 1320 2296 et
1337 2277 1396 2297 usu.

224 2535 301 2567 1839
316 2535 432 2567 Coacta
446 2535 635 2577 apostasia3
650 2536 766 2578 episoo-
801 2536 888 2568 1839.
926 2536 974 2568 26.
1008 2535 1084 2577 Maj.
1122 2535 1173 2567 Ad

243 2589 354 2621 porum
384 2580 543 2612 unitorum
573 2580 606 2612 in
637 2580 764 2620 Russia;
819 2579 976 2621 apostolici
998 2580 1173 2612 ministerii:

224 2624 314 2666 Greg.
325 2623 412 2657 XVI.
423 2627 532 2656 tuetur
540 2625 611 2666 jura
620 2625 774 2658 Ecclesiae.
820 2624 900 2651 Bulla
909 2623 1124 2665 'canonizationis
1141 2624 1173 2651 Β-

820 2660 955 2686 Francisei
961 2659 994 2686 de
1002 2660 1175 2694 Hieronymo,

821 2697 849 2722 et
864 2695 951 2730 (1840.
968 2696 1009 2723 17.
1026 2695 1119 2730 Mart.)
1133 2695 1173 2722 in-

820 2731 958 2766 dulgentia
967 2731 1086 2766 plenaria
1093 2731 1121 2758 in
1131 2731 1174 2758 die

821 2766 878 2801 ejus
894 2767 971 2794 festo.

1227 2590 1345 2612 annum
1366 2580 1554 2613 saecularem.

437 3121 446 3128 ·
472 3111 531 3144 418
954 3112 1012 3145 419
1436 3112 1495 3144 420

1795 535 1994 568 1892-1894
2003 535 2088 577 typis
2098 535 2236 577 imprimi
2245 535 2321 567 fecit

1794 579 1973 611 Alexander
2005 579 2114 613 Viviei·
2143 589 2214 611 cum
2243 590 2320 621 prae-

1795 623 1966 655 sationibus
1999 628 2031 656 et
2063 624 2146 656 notis
2179 624 2318 662 eruditis,

1795 671 1827 700 et
1848 678 1918 700 cum
1946 668 2149 711 „Appendice
2173 668 2214 700 ad
2235 672 2320 701 cata-

1792 712 1910 754 logos⁶‘,
1951 712 1984 744 in
2024 723 2087 755 qua
2123 713 2320 755 reperiuntur

1794 757 1884 789 series
1918 757 2132 798 superiorum,
2173 767 2319 789 numerus

1794 801 1963 840 Sociorum,
2002 802 2172 834 destinatio
2212 802 2319 834 domo-

1792 856 1872 884 rum,
1901 847 2030 878 nomina
2054 846 2156 878 latina
2179 846 2317 878 locorum

1795 900 1865 922 cum
1881 891 2023 923 versione
2038 891 2159 933 gallica,
2176 894 2208 923 et
2220 891 2320 923 Index

1792 945 1895 967 rerum
1916 935 2114 967 notabilium.

1774 1692 1851 1724 1837
1880 1692 1988 1724 Romae
2008 1691 2058 1724 lue
2080 1691 2213 1724 asiatica
2234 1701 2319 1734 gras-

1793 1740 1882 1768 sante
1904 1736 1979 1768 soeii
2000 1736 2133 1778 amplius
2150 1736 2218 1776 300,
2241 1739 2318 1768 voto

1792 1781 1826 1812 in
1853 1781 2001 1813 honorem
2028 1781 2185 1822 purissimi
2210 1780 2319 1813 Gordis

1794 1825 1829 1858 B.
1854 1826 1896 1858 M.
1921 1825 1958 1858 V.
1982 1828 2174 1867 nuncupato,
2200 1835 2318 1864 omnes,

1792 1880 1832 1902 ne
1866 1880 1928 1902 uno
1965 1870 2090 1912 quidem
2123 1873 2264 1911 excepto,
2301 1879 2320 1901 a

1793 1914 1902 1947 morbo
1936 1915 2090 1947 immunes
2123 1917 2319 1953 manserunt,

1794 1959 1937 2001 quamvis
1969 1959 2107 2001 plerique
2139 1969 2195 2001 per
2228 1969 2319 1991 omne

1793 2007 1916 2045 tempus
1953 2003 2035 2036 inter
2071 2013 2176 2046 aegros,
2225 2003 2319 2035 mori-

1793 2048 1924 2087 bundos,
1950 2058 2079 2090 corpora
2101 2051 2228 2080 mortua
2251 2057 2320 2080 ver-

1794 2096 1938 2125 sarentur
1960 2093 2132 2125 serviendo.

1207 2535 1295 2568 1839.
1329 2536 1377 2568 27.
1411 2536 1486 2568 Dec.
1517 2536 1664 2577 Epistola:
1702 2537 1739 2569 In
1772 2538 1851 2569 1838
1865 2537 1994 2569 Veronae
2007 2536 2178 2569 Cardinalis
2192 2538 2318 2569 carolus

1790 2583 1968 2613 Odesealehi
1994 2582 2051 2614 dat
2075 2591 2190 2614 nomen
2216 2581 2317 2614 Socie-

1791 2626 1852 2659 tati
1873 2626 1905 2668 (†
1927 2626 2027 2668 1841).

2007 3113 2065 3145 421
