2372 3550
120 320 278 356 Hispania,
299 319 456 349 Lusitania

603 319 776 354 Germania,
798 318 938 354 Belgium

1123 317 1246 352 Angue,
1266 316 1393 346 Polonia

1671 315 1831 346 MIssiones
1851 316 1969 346 exterae

53 446 129 477 1606
153 446 173 487 †
195 448 301 477 Petrus
324 447 509 482 Domenech‚
545 445 622 476 1606
647 445 784 477 Societas
810 455 826 477 e
852 443 996 485 Transyl-

71 491 108 521 82
132 500 229 522 annos
252 494 355 529 natus,
380 499 511 531 quorum

70 535 109 565 55
144 535 177 565 in
212 534 278 566 Soc.
317 538 431 576 egerat,
470 537 512 563 vir

70 578 172 612 magnis
203 578 355 604 muneribus
392 577 512 612 perfunc—

72 615 124 644 tus⁷
144 613 190 639 sed
209 613 309 647 majore
328 614 428 639 virtute
446 621 510 647 prae-

69 648 150 680 ditus,
164 649 313 683 exemplum
329 648 454 683 regularis
466 648 512 674 ob-

70 684 217 710 servantiae.

52 835 129 866 1607
139 834 278 866 Gramatoe
290 834 461 875 complures
474 834 509 866 B.

70 879 110 911 M.
135 879 170 911 V.
195 879 376 911 sodalitates
397 878 512 910 florent

72 933 224 964 operaque
235 923 291 955 zeli
302 927 333 955 et
342 923 511 955 misericor-

71 967 129 999 diae
151 967 275 1000 obeunt.

52 1145 128 1176 1609
154 1145 276 1177 Matriti
301 1145 333 1176 in
360 1155 511 1177 carcerem

69 1189 240 1221 includitur
256 1189 404 1221 Mariana
420 1199 511 1230 prop-

71 1237 118 1265 ter
132 1233 245 1265 librum
263 1234 321 1272 „de
337 1233 511 1265 mutatione

70 1278 235 1315 monetae“;
259 1279 277 1309 9
300 1282 371 1319 post
392 1288 511 1309 menses

69 1322 147 1354 liber
167 1322 345 1354 dimittitur.

52 1499 128 1531 1609
151 1499 260 1531 Preces
283 1499 342 1531 XL
364 1500 510 1531 horarum

71 1543 173 1575 triduo
197 1544 397 1576 antecinerali
412 1544 511 1575 Socie-

71 1592 119 1619 tas
130 1588 162 1619 in
174 1588 367 1620 Lusitaniam
380 1588 508 1620 inducit.

53 1765 129 1797 1610
157 1767 206 1797 Pr.
235 1765 384 1798 [lusitana
412 1766 444 1797 in
475 1767 512 1797 17

71 1809 144 1841 locis
178 1810 363 1842 numerabat
398 1810 501 1842 Socios

72 1855 139 1893 686,
164 1864 202 1886 ex
226 1855 337 1895 quibus
361 1855 418 1887 246
442 1864 512 1886 0011-

71 1899 247 1930 stituebant
279 1901 309 1931 C.
343 1899 513 1931 Conimbri-

72 1953 170 1975 oense.

564 489 659 521 vania
670 489 771 521 denuo
784 489 900 521 exulat.

545 623 576 654 C.
593 621 833 662 OEm'pontanum
856 622 919 653 suis
940 632 995 653 nu-

563 666 654 698 meris
676 666 864 698 absolutum.

545 843 621 874 1607
647 843 796 884 Regimen
820 843 995 875 Aeademiae

566 887 749 928 Dilimqanoe,
766 891 839 929 post
853 887 940 919 litem
956 888 995 918 40

565 942 716 963 annorum
739 942 794 973 per
817 932 994 973 episcopum

565 976 734 1008 Henricum
767 976 994 1017 Knoringerum

1031 488 1108 519 1607
1121 487 1236 519 Paulus
1250 487 1286 519 V.
1302 490 1392 519 vetat
1404 496 1479 528 prae-

1050 536 1132 563 stare
1148 531 1266 563 Jacobo
1284 531 1307 563 I.
1324 531 1479 572 juramen-

1050 580 1118 608 tum
1152 586 1279 613 novum,

1050 620 1174 661 agnosci
1196 624 1233 651 ut
1255 620 1399 651 dominus
1422 619 1480 651 Ec-

1050 664 1147 696 clesiae
1167 664 1200 695 in
1221 664 1342 705 Anglia.
1366 663 1481 695 Scribit

1050 712 1159 740 contra
1183 709 1242 740 hoc
1267 708 1479 749 juramentum

1050 753 1255 784 Bellarminus
1267 762 1338 784 cum
1349 752 1490 784 Suaresio

1050 801 1082 829 et
1091 797 1248 835 Pemonio,
1263 800 1294 828 et
1305 806 1359 828 rex
1371 801 1481 828 contra

1050 841 1281 873 Bellarminum.

1515 441 1591 473 1605
1621 441 1650 474 A
1675 442 1810 474 Peruvia
1837 447 1999 484 separatur
2025 444 2061 475 V.
2085 445 2135 476 Pr.

1537 486 1743 527 Paraquarioe,
1753 487 1830 518 1607
1841 487 2053 528 independens
2061 487 2136 519 Pro-

1534 530 1661 562 vinciali
1677 531 1797 563 Didaco
1816 531 1939 563 Torres:
1958 531 2136 573 complecti-

1315 585 1376 617 quo
1410 575 1480 606 vult
1534 578 1586 606 tur
1624 575 1857 616 Paraquariam‚
1899 575 2134 614 Tucumaniam,

1534 619 1628 651 Chile.

1516 841 1593 872 1606
1619 842 1770 872 nehel-tus
1796 842 1832 871 de
1858 842 1956 872 Nobili
1983 841 2017 883 (†
2044 841 2135 882 1656)

1534 885 1615 916 inter
1635 885 1844 917 Brachmanes
1863 885 1897 917 in
1916 885 2057 918 Madura.

564 1020 693 1052 feliciter
701 1020 837 1058 finitum,
848 1020 997 1052 Societati
1031 1019 1107 1050 1608
1118 1020 1250 1049 Thomas
1259 1020 1371 1049 carnot
1381 1019 1489 1059 (nepos
1516 1018 1601 1050 1606.
1618 1018 1664 1050 20.
1681 1017 1753 1050 Jan.
1770 1018 1974 1060 †Alexander
1991 1018 2134 1059 Valiyna-

1048 1063 1170 1104 prioris)
1194 1062 1344 1104 supplicio
1369 1062 1478 1103 capitis
1534 1072 1601 1101 nus,
1618 1062 1764 1103 praeclare
1780 1063 1908 1095 meritus
1925 1062 1963 1095 de
1979 1062 2135 1095 Societate

564 1065 725 1096 definitive
763 1065 905 1097 traditur.

566 1109 742 1158 Donaverda
752 1109 890 1151 religioni
907 1109 994 1140 resti-

567 1158 676 1185 tultur.

545 1287 620 1318 1608
642 1286 799 1327 Principes
820 1290 995 1327 protestan-

564 1335 609 1362 tes
621 1335 765 1362 recusant
776 1331 910 1372 incipere
921 1331 995 1362 deli-

564 1375 736 1407 berationes
750 1375 780 1406 in
794 1375 927 1407 comitiis
938 1376 996 1407 nisi

563 1420 693 1451 Jesuitae
706 1424 852 1451 vetentur
864 1420 996 1451 scribere

564 1468 672 1495 contra
697 1474 804 1505 pacem
831 1464 994 1505 religionis.

543 1597 698 1673 Zlccqrgpz'ae
708 1598 891 1638 aperiuntur
901 1598 987 1629 scho-

575 1651 601 1673 ae
652 1655 656 1660 .

1049 1107 1190 1139 affectus.

1030 1285 1106 1316 1608
1127 1284 1257 1316 Polonia
1277 1284 1428 1316 dividitur
1448 1284 1479 1315 in

1051 1331 1068 1360 2
1081 1331 1130 1361 Pr.
1146 1329 1293 1360 Polomzm
1312 1334 1343 1360 01
1356 1328 1480 1360 Lithua-

1050 1384 1131 1405 ozam.

1032 1507 1187 1538 1608—48
1220 1507 1346 1538 Florens
1380 1511 1481 1538 status

1051 1551 1226 1583 Academiae
1235 1551 1265 1583 S.
1278 1551 1307 1583 J.
1322 1551 1348 1582 V
1350 1551 1484 1582 ilnensis.

548 1776 623 1806 1609
654 1776 684 1807 C.
714 1775 806 1806 ›5inae
838 1774 934 1806 Ducis
965 1779 997 1806 ct
1032 1774 1118 1805 1610.
1150 1773 1196 1805 15.
1226 1773 1300 1814 Apr.
1332 1775 1482 1804 Robertus

567 1819 777 1851 Ruremundae.

52 2121 130 2152 1610
141 2120 191 2152 Ex
202 2122 279 2158 pr·
295 2121 513 2153 Tarraconensi
545 2131 622 2162 1610
648 2130 820 2162 Comitatus
848 2130 996 2172 Rietberg

71 2165 152 2197 Socii
183 2165 302 2207 aliquot
332 2166 365 2197 in
398 2166 510 2207 oppido

71 2209 216 2250 quodam,
258 2210 311 2241 ubi
351 2220 389 2242 ex
430 2210 499 2242 odio

70 2254 240 2285 factionum
258 2264 312 2295 per
328 2264 439 2286 novem
457 2265 510 2286 an-

70 2307 180 2329 norum
194 2299 330 2340 spatium
343 2299 401 2330 200
413 2299 511 2330 homi-

70 2352 124 2374 nes
167 2343 335 2374 miserrime
379 2343 510 2375 occubu-

71 2390 169 2425 erant,
188 2396 297 2428 pacem
317 2391 348 2419 et
367 2391 510 2420 mutuam

70 2431 233 2463 caritatem
254 2432 425 2464 restituere.

52 2785 138 2817 1611.
179 2786 225 2818 12.
265 2786 350 2828 Sept.
389 2786 512 2818 Matriti

72 2829 92 2871 †
109 2831 173 2862 Pet.
191 2831 401 2863 Ribadeneira.

563 2175 595 2206 in
626 2174 778 2206 Vestfalia
807 2184 862 2215 per
891 2175 994 2206 Socios

563 2219 721 2251 reducitur
752 2219 792 2250 ad
824 2219 993 2250 Ecclesiam

564 2263 758 2295 catholicam.

544 2354 574 2384 C.
596 2352 627 2383 N
629 2362 807 2384 amurceme.

1051 1820 1223 1855 Personius‚
1247 1818 1299 1859 qui
1322 1818 1427 1855 verbo,
1452 1827 1482 1849 0-

1051 1873 1131 1903 pere,
1149 1863 1299 1903 exemplo,
1316 1862 1402 1894 libris
1417 1872 1481 1894 rem

1052 1907 1236 1939 catholicam
1248 1907 1280 1938 in
1290 1906 1404 1948 Anglia
1413 1916 1482 1948 pro-

1051 1956 1201 1989 moverat,
1222 1951 1300 1983 obiit
1319 1952 1434 1983 Romae.

1030 2573 1107 2604 1613
1125 2572 1145 2614 †
1160 2573 1279 2613 Gaspar
1295 2572 1478 2610 Nahavisus,

1046 2617 1177 2659 impiger
1203 2617 1346 2649 veritatis
1373 2617 1479 2648 catho-

1048 2661 1114 2693 licae
1130 2662 1163 2693 in
1180 2661 1310 2693 Polonia
1327 2661 1478 2693 defensor.

546 2795 621 2826 1611
636 2794 822 2836 Αρατὲερναηί
837 2798 869 2826 01
885 2794 992 2836 Praqae
1029 2794 1184 2826 1611——16
1209 2794 1261 2826 Lis
1286 2794 1479 2826 Jesuitarum

563 2839 776 2871 Protestantes
791 2839 930 2871 excitant
944 2843 993 2871 tu-

52 2881 112 2916 Ipse
131 2883 172 2908 est
191 2883 284 2909 auctor
303 2882 394 2917 primae
413 2882 514 2909 Biblio-
564 2883 680 2915 multus
695 2883 728 2915 in
743 2883 802 2915 viis
819 2887 928 2915 contra
942 2883 993 2915 Je-

69 2917 153 2943 1110οω
172 2917 223 2944 scri
242 2919 331 2944 torum
351 2918 377 2945 S.
399 2918 426 2945 J.
447 2918 515 2944 Ant-

70 2952 190 2987 verpiael
227 2953 381 2994 'impressae
390 2953 439 2980 sub
448 2954 513 2980 titu-

69 2987 280 3059 {Jqpffalsslgnulslln
298 2991 457 3023 scriptorum
486 2989 513 3016 S.

257 3105 316 3137 134

564 2928 671 2960 suitas.

740 3104 798 3137 135

1048 2849 1118 2871 cum
1127 2839 1297 2871 Academia
1306 2838 1480 2870 Craeovien-

1047 2883 1076 2914 si
1106 2883 1188 2915 circa
1220 2893 1336 2915 novam
1361 2883 1479 2915 Acade-

1048 2927 1143 2959 miam
1176 2928 1205 2960 S.
1241 2928 1270 2960 J.
1305 2927 1478 2959 Posnaniae.

1048 2972 1170 3004 Victrix
1210 2971 1305 3004 Acad.
1350 2971 1459 3004 Cracc-

1049 3016 1172 3048 viensis.

1227 3104 1286 3136 136

1534 1107 1679 1138 universa
1696 1107 1729 1138 in
1750 1107 1841 1138 India
1859 1111 1891 1139 et
1909 1107 2054 1148 Japonia.

1518 1285 1593 1315 1607
1612 1286 1647 1316 V.
1664 1286 1713 1317 Pr.
1730 1284 1762 1316 N
1764 1285 1811 1316 ovi
1830 1284 1927 1326 Reqm'
1943 1289 1968 1316 et
1984 1285 2137 1324 Quitensis

1536 1333 1698 1370 separatur
1718 1339 1737 1361 a
1757 1329 1941 1362 Peruviana.

1520 1507 1603 1538 1608.
1625 1508 1670 1538 11.
1691 1506 1762 1539 Jan.
1785 1506 1967 1539 Franciseus
1987 1507 2078 1539 Pinto
2097 1507 2137 1539 ad

1537 1551 1753 1627 gaggifflmum
1792 1551 1911 1583 flumen
1950 1555 2080 1583 necatur
2119 1561 2138 1583 a

1518 1774 1594 1805 1609
1621 1777 1753 1805 exeunte
1778 1775 1939 1804 Marcellus
1960 1775 2138 1805 Lorenzana

1537 1818 1669 1859 primam
1691 1818 1805 1850 fundat
1825 1817 2022 1850 reductionem
2045 1818 2138 1850 Indo-

1537 1873 1605 1894 rum
1622 1863 1654 1894 in
1669 1862 1869 1904 Paraquar1a,
1882 1862 1998 1894 dictam
2006 1862 2036 1896 S.
2048 1862 2138 1905 Igna-

1537 1907 1584 1938 cio
1605 1907 1724 1939 Gnazu.

1518 2130 1594 2161 1610
1620 2131 1684 2162 JoS.
1708 2130 1864 2160 cataldino
1887 2130 1943 2161 2¹¹¹ln
1974 2129 2138 2161 constituit

1536 2174 1747 2206 reductionem
1774 2173 1998 2212 ,‚Lauretum.“
2024 2174 2068 2205 Et
2091 2174 2138 2205 ita

1536 2218 1736 2259 sequentibus
1758 2218 1848 2250 annis
1870 2218 2086 2250 fundabantur
2107 2228 2138 2249 a-

1536 2263 1584 2294 11ae
1604 2268 1699 2304 atque
1721 2262 1789 2294 aliae
1810 2273 1907 2304 usque
1929 2263 1969 2294 ad
1990 2263 2037 2294 30.

1516 2441 1601 2473 1609.
1626 2441 1661 2472 In
1679 2441 1798 2472 Oriaemte
1817 2444 1986 2472 renovatur
2005 2442 2047 2472 M.
2068 2440 2133 2481 jam

1535 2489 1640 2527 coepta
1656 2485 1714 2517 sub
1732 2485 1821 2526 Greg.
1839 2484 1933 2517 XIII.
1954 2494 2023 2526 quae
2038 2484 2134 2516 inter-

1535 2533 1632 2562 ventu
1670 2529 1804 2561 Austriae
1842 2533 1874 2561 et
1911 2529 2019 2561 Galliae
2058 2529 2135 2560 1610

1535 2574 1652 2616 majore
1674 2574 1791 2615 gaudet
1812 2573 1967 2606 libertate.

1516 2796 1602 2828 1610.
1632 2797 1678 2828 11.
1707 2796 1780 2828 Mai.
1810 2795 1829 2837 †
1857 2797 2024 2826 Matthaeus
2050 2796 2137 2826 mcci

1535 2840 1680 2882 (Pekini).

1797 3105 1854 3137 137
