2372 3550
72 297 124 335 et
152 294 280 335 Retz
315 294 336 333 1
348 293 663 335 706—1750.

138 458 296 495 Hispania,
318 458 476 488 Lusitania

622 458 797 496 Germania,
819 459 959 495 Belgium

1143 460 1266 496 mgna,
1287 460 1416 491 Polonia
1518 428 1523 531 1

1694 460 1854 491 missiones
1874 461 1992 491 exterae

69 585 265 618 1705—1714
304 584 414 617 Status
455 589 533 617 tem·
567 585 643 617 1706
654 585 722 618 Ec.
733 586 932 619 Eustadiensi
949 586 1021 618 sub-
1054 586 1131 618 1705
1144 586 1180 617 In
1191 586 1255 618 fine
1266 586 1456 628 Septembris
1467 589 1505 620 R.
1518 542 1525 646 ι
1540 587 1619 619 1706
1645 589 1682 619 R.
1711 587 1983 620 Thessalonicensis
2009 587 2157 630 incipitur

1073 630 1351 671 MarioeMwensis,
1365 641 1435 663 cum
1448 632 1506 663 Po·
1557 641 1576 663 a
1592 631 1653 664 PP.
1671 633 1830 664 Vincentio
1850 636 1882 664 et
1906 634 2014 670 Piperi.
2028 633 2158 666 Jesuitae

1072 674 1135 706 loni
1157 675 1266 707 urbem
1289 685 1308 707 a
1328 675 1433 708 Suecis
1456 686 1505 708 oc-
1558 676 1716 708 Michaelis
1732 676 1907 718 Palaeologi
1927 677 2157 710 conversionem

1072 723 1221 760 cupatam
1240 719 1394 761 cepissent
1411 724 1443 752 et
1460 720 1505 752 di·
1558 720 1706 762 dirigunt.

87 629 202 671 poralis
234 628 439 670 plurimorum
473 629 532 661 col-

87 674 239 715 legiorum
257 673 289 705 in
297 673 456 714 Hispania
469 684 534 706 ma-

86 728 182 759 gnum
189 718 411 750 detrimentum
419 718 539 759 accepit

88 761 177 801 bello,
217 762 301 803 quod
337 772 393 803 per
429 766 531 794 totam

87 806 273 848 Hispaniam
295 807 425 845 exarsit;
449 807 531 839 unde

87 850 183 883 etiam
205 861 221 883 e
241 851 398 883 nonnullis
425 853 467 890 0.,
496 856 532 883 ut

86 895 300 934 Monfortensi‚
369 895 529 937 Burgensi,

86 939 293 978 Locroniensi,
338 939 530 981 Vergarensi‚

86 984 267 1026 Legionensi
299 984 420 1026 aliquot
450 985 531 1017 Socii

86 1029 220 1061 extracti
250 1028 386 1067 fuerunt,
418 1029 465 1061 ita
495 1034 531 1061 ut

86 1083 191 1105 eorum
215 1073 320 1105 officia
342 1077 500 1106 vacarent.

66 1295 152 1327 1706.
166 1295 214 1328 29.
227 1294 299 1327 Jan.
312 1295 332 1337 †
343 1294 530 1337 Ulyssiponc

85 1341 265 1371 Franciscus
295 1341 430 1377 crucius,
460 1350 530 1382 pro-

85 1384 183 1416 fessus
200 1384 219 1415 4
235 1387 391 1423 votorum,
409 1385 528 1417 excelso

84 1428 217 1470 ingenio,
249 1428 303 1460 sed
333 1429 452 1470 majore
473 1430 529 1461 hu-

84 1472 218 1505 militate
246 1473 404 1514 praeditus,
433 1473 530 1506 lector

84 1517 287 1559 philosophiae
306 1521 338 1549 et
356 1518 528 1559 theologiae,

88 1562 196 1594 Romae
225 1572 280 1603 per
313 1563 330 1593 7
359 1572 457 1595 annos
494 1563 529 1594 li-

85 1606 211 1638 brorum
231 1616 347 1645 censor,
370 1607 485 1639 Rector
498 1609 529 1640 C.

84 1651 114 1683 S.
125 1650 255 1683 Antonii
268 1651 528 1693 Ulyssiponensis‚

84 1695 270 1737 paedagogus
303 1695 440 1728 filiorum
473 1696 529 1729 Pe-

84 1739 126 1772 tri
147 1739 200 1778 II.,
222 1740 425 1772 confessarius
445 1740 529 1782 prin-

84 1783 161 1825 cipis
192 1784 323 1816 Joannis
355 1788 387 1816 et
417 1785 530 1827 reginae

83 1828 189 1861 Mariae
198 1828 321 1870 Sophiae
330 1829 528 1862 Elisabethae.

64 2051 142 2083 1707
162 2050 328 2083 Vallisoleti
345 2061 364 2083 a
380 2051 529 2084 Patribus

82 2097 112 2129 3.
122 2095 235 2133 natali
252 2095 361 2128 ardore
378 2096 528 2129 servitum

83 2143 132 2171 est
143 2139 300 2172 Lusitanis
313 2140 346 2171 in
358 2140 463 2182 praelio
475 2141 528 2173 Al-

82 2183 223 2216 manensi
256 2184 357 2226 captis
390 2189 423 2217 et
456 2195 528 2218 con-

84 2228 208 2270 tagione
233 2228 366 2268 affectis,
393 2233 430 2261 ut
454 2230 527 2269 duo,

83 2272 265 2305 Joachimus
313 2273 449 2306 Picabea
497 2279 529 2307 et

585 629 657 662 inde
695 640 859 663 excursum
897 635 945 663 est
980 631 1020 663 ad

586 674 727 716 captivos
758 675 873 714 Gallos,
907 675 1019 717 quibus

584 718 617 750 in
644 719 774 751 civitate
802 719 1019 762 Weissenburg

584 763 751 795 lutherana
775 774 814 796 nc
839 774 925 796 sacro
952 764 1018 805 qui-

585 807 655 839 dem
697 808 806 840 diebus
846 808 1018 840 Dominicis

583 852 731 884 interesse
765 852 1016 894 permittebatur.

564 1295 705 1328 Bataviae
718 1296 903 1338 gubernium
919 1297 1017 1329 mina-

583 1344 635 1372 tur
656 1340 765 1382 ejicere
788 1341 935 1380 Jesuitas,
958 1342 1017 1374 nisi

582 1385 769 1417 restituatur
837 1386 1018 1418 Jansenista

583 1429 697 1468 Codde,
733 1433 765 1462 et
798 1431 876 1461 1708
910 1441 1016 1463 omnes

583 1474 665 1506 exire
681 1479 835 1516 coguntur
850 1475 907 1507 sub
922 1485 1017 1517 poena

582 1518 706 1556 mortis;
735 1519 787 1560 qui
815 1529 888 1551 mox
910 1524 1015 1552 tamen

582 1567 699 1595 secreto
721 1563 862 1596 redeunt.

562 1740 638 1772 Fere
661 1751 699 1772 ex
722 1741 866 1773 omnibus
888 1741 1015 1774 Germa-

582 1785 641 1817 niae
665 1785 740 1827 Sup.
767 1787 798 1818 c.
825 1785 917 1818 factae
942 1791 1017 1819 sunt

582 1829 704 1871 aliquot
725 1840 781 1871 per
804 1840 921 1863 annum
945 1831 1017 1863 mis—

582 1874 691 1906 siones.
731 1874 781 1907 Sic
798 1885 829 1907 v,
847 1885 876 1917 g.
897 1885 912 1907 e
930 1875 1017 1908 Min-

582 1918 774 1951 delhemiensi
791 1920 869 1951 1710
885 1919 918 1952 in
936 1920 1017 1962 Lop-

580 1963 771 2004 penhausen‚
818 1964 1015 1997 Massenbeu-

582 2017 636 2039 ren
653 2010 686 2039 et
707 2007 776 2040 aliis
793 2009 811 2040 6
830 2009 954 2050 oppidis
977 2009 1017 2041 ad

582 2051 713 2084 verbum
739 2052 881 2085 divinum
906 2054 1017 2095 praedi-

582 2096 717 2128 candum
748 2101 780 2129 et
809 2097 1015 2130 confessiones

581 2141 761 2174 audiendas,

82 2317 193 2350 Franc.
221 2317 366 2356 Arebalo‚
394 2318 427 2350 in
453 2318 528 2351 isto·
562 2319 638 2351 1712
675 2318 823 2360 Princeps
859 2319 1014 2358 Samnioe,

83 2371 152 2393 rum
169 2361 317 2404 obsequio
335 2362 478 2396 obierint.

580 2363 717 2396 Poloniae
748 2364 854 2402 haeres,
887 2364 1015 2406 profite-

582 2411 634 2440 tur
662 2407 758 2440 fidem
789 2408 985 2442 catholicam.

64 2539 142 2571 1708
184 2539 212 2571 E
252 2539 318 2571 sola
358 2540 529 2573 Lusitaniae
562 2541 639 2573 1712
663 2541 690 2572 E
715 2541 857 2583 Bn'qensi
879 2543 910 2574 C.
935 2552 1015 2574 unus

83 2585 144 2621 Pr„
169 2587 201 2616 et
224 2583 351 2626 plurimi
375 2595 391 2617 e
416 2586 447 2618 C.
473 2585 529 2617 Go-

82 2628 286 2667 nimbriaensi,
307 2628 469 2661 solverunt
488 2630 529 2662 ad

85 2672 180 2704 Indos
194 2673 233 2705 94
247 2673 331 2712 socii,
347 2683 453 2706 omnes
468 2674 529 2706 Lu-

84 2716 178 2749 sitani
209 2720 241 2750 et
270 2717 362 2750 flores
392 2718 529 2760 ingenio-

83 2771 163 2794 rum.

272 3116 331 3148 270

581 2585 739 2627 expetitus
774 2589 806 2618 et
840 2585 933 2618 datus
968 2591 1016 2619 est

580 2629 792 2662 missionarius
845 2631 1013 2670 castrensis,

581 2674 634 2716 qui
644 2684 699 2715 per
709 2674 935 2716 quadrimestre
945 2675 1017 2708 sub-

580 2718 738 2750 sidiariam
747 2718 898 2761 legionem
909 2720 1016 2752 catho—

579 2762 709 2795 licorum
725 2773 741 2795 e
756 2763 892 2796 Vallesia
905 2764 939 2796 in
954 2764 1014 2806 spi-

579 2807 747 2840 ritualibus
767 2807 946 2841 ministeriis
966 2809 1014 2850 ju-

580 2851 638 2891 vit,
663 2852 738 2884 dum
755 2851 872 2885 bellum
894 2862 1014 2895 grassa-

580 2899 676 2929 retur.

757 3119 815 3151 271

1070 763 1217 804 riperent,
1239 764 1385 806 profugos
1406 764 1504 796 homi-

1071 818 1125 840 nes
1152 808 1269 849 recepit
1289 808 1373 841 intra
1399 819 1503 841 muros

1071 862 1184 893 eosque
1200 852 1321 884 tutavit
1335 857 1445 885 contra
1458 853 1504 885 in-

1070 896 1238 934 sultantes;
1283 907 1364 929 unus
1409 897 1503 930 etiam

1069 941 1185 973 Suecus
1198 941 1286 973 miles
1299 941 1415 974 ibidem
1429 952 1504 983 qua-

1069 986 1095 1017 si
1120 985 1302 1017 miraculose
1329 986 1502 1019 occultatus

1069 1030 1140 1068 fuit,
1155 1040 1223 1071 quae
1234 1040 1282 1062 res
1294 1031 1378 1072 apud
1389 1031 1503 1063 Suecos

1069 1074 1219 1106 Societati
1235 1075 1393 1116 quandam
1408 1076 1503 1117 grati-

1069 1129 1120 1151 am
1142 1119 1273 1161 peperit.

1052 1297 1248 1329 1707—1708
1269 1297 1380 1335 „Bona
1398 1302 1505 1330 nostra

1071 1342 1111 1373 ad
1126 1341 1288 1373 interitum
1303 1342 1423 1383 redegit
1438 1346 1504 1374 tam

1070 1386 1179 1424 hostis
1221 1396 1314 1427 quam
1353 1386 1502 1419 Polonus:

1071 1430 1180 1462 avulsa
1199 1434 1351 1468 armenta,
1373 1431 1504 1463 semina-

1071 1475 1171 1507 tiones
1207 1480 1409 1517 consumptae‚
1446 1476 1504 1508 847

1070 1519 1179 1552 ssoreni
1188 1519 1277 1552 bonae
1289 1524 1422 1552 monetae
1430 1530 1504 1562 prae-

1069 1564 1201 1596 sidiariis
1231 1564 1371 1606 Elbingae
1399 1565 1504 1597 Suecis

1069 1609 1235 1647 numerati,
1259 1609 1398 1641 nondum
1417 1609 1504 1641 deso-

1068 1652 1218 1686 lationem
1234 1653 1421 1686 redemere“.
1454 1654 1505 1686 Ita

1069 1697 1200 1730 historia
1214 1699 1245 1730 C.
1259 1697 1453 1731 Gedanensis.

1539 1298 1624 1330 1707.
1648 1298 1695 1330 25.
1717 1298 1789 1331 Jan.
1810 1298 1993 1331 Patriarcha
2013 1299 2158 1332 Temnon

1558 1342 1690 1375 damnat
1725 1347 1756 1375 et
1792 1347 1882 1375 vetat
1916 1343 1992 1375 ritas
2027 1343 2157 1377 Sinicos.

1558 1387 1636 1428 Ejus
1666 1387 1824 1420 decretum
1854 1388 1881 1420 8.
1912 1388 1990 1430 Aug.
2022 1389 2098 1420 1709
2127 1392 2160 1421 et

1558 1432 1605 1464 23.
1631 1432 1715 1474 Sept.
1743 1433 1820 1464 1710
1844 1442 1863 1464 a
1886 1432 1974 1474 Papa
1997 1436 2029 1464 et
2054 1433 2158 1475 Inqui-

1557 1476 1668 1508 sitione
1684 1476 1896 1509 confirmatur.
1934 1477 2079 1509 Tournon
2094 1478 2159 1509 Ma-

1558 1521 1604 1553 cai
1631 1521 1662 1553 in
1691 1521 1877 1562 captivitate
1905 1525 2010 1554 tentus
2037 1526 2159 1555 creatur

1557 1565 1728 1598 Cardinalis
1747 1565 1780 1607 (†
1798 1566 1825 1598 8.
1846 1565 1920 1598 Jun.
1942 1566 2041 1607 1710).

1051 1920 1129 1952 1710
1168 1919 1332 1952 Generalia
1371 1920 1505 1953 Comitia
1537 1921 1616 1953 1709
1639 1921 1771 1964 Impigre
1792 1921 1938 1954 laborant
1957 1922 2038 1954 Socii
2058 1922 2090 1954 in
2111 1922 2159 1954 in-

1070 1964 1201 1997 Prussiae
1246 1964 1428 1997 Nobilitatis
1472 1966 1503 1997 in

1072 2009 1187 2050 templo
1237 2009 1421 2041 Gedanensz's
1472 2011 1503 2043 C.

1070 2053 1168 2095 (quod
1207 2057 1302 2086 antea
1328 2055 1504 2096 nunquam)

1070 2097 1243 2140 auspicium
1257 2099 1304 2130 15.
1319 2098 1389 2130 Oct.
1404 2109 1503 2140 coepe-

1067 2153 1109 2175 re.
1154 2142 1313 2175 Salutavit
1334 2142 1503 2176 illustrissi-

1068 2197 1155 2219 mum
1192 2190 1382 2220 conventum
1421 2188 1503 2220 Rhe-

1069 2231 1180 2264 torices
1221 2231 1384 2273 professor.
1447 2232 1502 2264 Cui

1067 2275 1313 2308 luculentissima
1351 2276 1501 2315 oratione,

1068 2324 1101 2353 et
1121 2321 1153 2352 in
1175 2321 1315 2353 encomio
1336 2321 1501 2354 Societatis

1068 2365 1237 2408 magnifica
1260 2366 1420 2408 respondit
1441 2366 1503 2408 epi-

1068 2420 1181 2452 scopus
1199 2410 1390 2443 Varmiensis
1406 2411 1501 2453 Chry-

1068 2458 1142 2487 sost.
1165 2454 1300 2488 Zaluski.

1240 3120 1298 3153 272

1556 1966 1633 1998 salis
1648 1966 1768 2005 Graecis,
1787 1966 1818 1998 in
1836 1966 1947 1999 scholis
1958 1966 2158 2007 Tripolitanis

1557 2014 1589 2043 et
1611 2010 1817 2044 Damascenis.

1534 2544 1610 2576 1711
1639 2544 1677 2576 In
1704 2543 1900 2586 archipelago
1927 2543 2048 2577 Nicoba
2073 2545 2155 2577 Petr.

1553 2590 1675 2620 Bonnet
1700 2592 1734 2620 et
1758 2590 1839 2622 Petr.
1867 2590 1965 2620 Faure
1991 2588 2032 2621 ob
2058 2588 2154 2621 fidem

1551 2632 1796 2674 strangulantur.

1533 2767 1609 2799 1711
1629 2765 1775 2798 Claudius
1794 2765 1940 2799 Visdelou
1958 2767 1988 2799 S.
2008 2766 2038 2799 J.
2059 2766 2151 2808 episc.

1551 2810 1839 2852 claudiopolitanus
1858 2814 1891 2843 et
1908 2811 1974 2844 Vic.
1993 2820 2043 2853 ap.
2062 2820 2151 2853 prov,

1552 2855 1723 2897 Kueycheu
1744 2855 1778 2887 in
1798 2855 1890 2889 Sinis.

1802 3121 1861 3154 273
