2372 3550
621 309 796 345 Germania,
818 309 958 345 Belgium
1022 275 1036 382 1
1140 308 1262 345 Anglia,
1283 307 1412 339 Polonia
1492 274 1529 383 j

136 311 296 349 Hispania,
316 310 475 341 Lusitania

1691 307 1852 338 missiones
1872 307 1990 337 exteras

70 439 230 473 Resolutio
261 438 341 481 regis
373 437 533 479 Hispaniae

88 484 237 526 perdendi
256 483 392 516 Jesuitas
411 482 532 514 niteba-

89 533 141 561 tur
161 530 200 560 20
218 529 424 560 voluminibus
445 526 531 559 testi-

89 572 263 605 moniorum
281 575 391 604 contra
409 571 439 604 S.
460 571 507 603 J.!

73 1284 159 1316 1767.
176 1283 275 1315 2.-3.
291 1282 365 1324 Apr.
383 1292 488 1314 omnes
504 1285 537 1314 et

91 1327 204 1370 singuli
226 1327 307 1360 Socii
331 1337 370 1359 ex
393 1326 536 1358 omnibus

92 1374 124 1405 G.
139 1376 171 1404 et
186 1374 224 1405 D.
232 1371 390 1413 Hispaniae
401 1382 420 1403 a
431 1370 537 1403 militi-

92 1417 150 1449 bus
175 1416 304 1458 expulsi,
330 1416 425 1457 capti,
449 1416 537 1448 navi-

93 1462 151 1494 bus
176 1460 324 1503 impositi,
350 1460 383 1492 in
411 1460 536 1492 Italiam

92 1505 185 1545 vecti,
211 1509 243 1538 et
266 1508 339 1546 post
363 1505 381 1537 6
405 1515 536 1543 menses,

93 1560 164 1583 cum
182 1560 284 1592 neque
302 1549 418 1582 Genuae
436 1559 537 1591 neque

93 1594 223 1627 Liburni
256 1604 357 1636 neque
391 1594 538 1626 Centum-

93 1638 176 1672 cellis
206 1639 323 1680 recepti
353 1642 465 1677 essent,
497 1639 538 1671 ad

92 1683 226 1716 insulam
243 1682 398 1716 Corsicam
415 1683 537 1725 appulsi

94 1731 178 1767 sunt,
194 1727 247 1760 ubi
262 1727 396 1760 navibus
411 1728 538 1769 egressis

93 1772 126 1805 in
145 1772 266 1804 labores
287 1771 473 1814 apostolicos
492 1772 538 1804 in-

95 1817 238 1850 cumbere
254 1816 352 1849 licuit.

79 2617 108 2649 3.
141 2615 215 2658 Apr.
249 2616 326 2648 1767
358 2615 459 2648 Caroli
481 2616 542 2649 III.

101 2662 240 2699 „sanctio
264 2662 487 2698 pragmaticam
511 2661 543 2692 in

102 2715 164 2747 qua
176 2704 302 2737 indictae
316 2705 338 2737 J
339 2705 446 2737 esuitis
461 2705 545 2737 exilii

100 2759 201 2791 poenae
218 2759 327 2781 causas
345 2759 410 2781 esse
427 2749 544 2782 multas

101 2797 134 2826 et
150 2803 259 2836 graves
278 2793 470 2833 affirmabat,
490 2795 544 2826 sed

101 2841 251 2880 perpetuo
279 2837 332 2876 „in
359 2837 470 2871 scrinio
497 2839 544 2871 sui

101 2882 234 2924 pectoris
251 2882 459 2915 reconditas.⁴‘

649 553 726 578 Prov-
742 553 839 578 suesiae
859 552 935 579 1770.

603 605 670 645 ,ῦ.8;
675 603 812 635 Glacense,
819 603 1002 638 Glogoviense,

578 639 743 674 ngnicense‚
768 640 894 666 Nissense
926 638 1004 665 simul

578 677 671 708 Daph„
679 674 847 709 Oppoliense,
853 675 1004 709 Saganenso

579 711 658 738 simul
683 712 758 743 pr„
783 710 1003 742 Schwidnicense,

580 746 808 774 Wratislaviense.

612 793 645 819 R.
656 792 682 818 3:
695 790 936 826 Hirschbergensis,
948 791 1005 818 Pic-

579 827 717 859 kariensis,
732 826 986 862 Wartenbergensis.

614 871 754 898 Missiones
790 871 824 897 2:
861 870 1004 906 Brigensis,

581 906 850 942 Harpersdorflensis.

689 961 748 988 sac.
849 960 897 987 101

690 996 778 1023 Schol.
882 995 899 1021 8

691 1031 772 1059 Coad.
866 1031 899 1058 35

690 1085 760 1112 Socii
850 1084 901 1112 144

572 1728 649 1760 1770
666 1729 715 1760 Pr.
734 1727 884 1759 Bavarica
901 1737 1023 1769 separa-

592 1775 643 1804 tur
660 1782 680 1804 a
695 1773 744 1805 Pr.
763 1772 936 1804 Germaniae
947 1772 1021 1814 Sup.

575 2306 653 2338 1770
666 2304 810 2346 Friburqi
819 2304 940 2346 (Helv.)
950 2314 1027 2346 prae-

595 2353 642 2382 ter
657 2349 728 2388 alia,
744 2358 799 2391 per
814 2350 853 2381 14
868 2349 932 2382 dies
949 2350 1027 2382 Con—

594 2393 733 2427 ferentiae
766 2397 841 2426 sunt
873 2393 1028 2426 institutae

596 2439 614 2471 4
622 2448 678 2481 per
687 2438 927 2477 hebdomadam,
937 2439 954 2470 2
962 2448 1028 2480 ger-

594 2483 724 2522 manice,
747 2484 766 2514 2
787 2482 906 2525 gallice,
930 2482 1028 2515 altero

594 2527 688 2560 Patre
705 2538 721 2560 e
738 2527 889 2560 cathedra
904 2527 979 2559 fidei
996 2531 1028 2559 et

595 2581 717 2604 morum
749 2571 924 2604 doctrinam
957 2571 1029 2604 sim-

595 2616 668 2658 plici
703 2616 797 2648 modo
827 2615 1027 2658 explanante,

596 2671 612 2693 e
636 2661 759 2703 regione
783 2660 961 2693 sciscitante
986 2660 1029 2692 al-

596 2709 663 2737 tero
688 2709 721 2737 et
745 2704 949 2739 difficultates
976 2705 1029 2737 ob-

595 2749 729 2792 jiciente.
780 2749 913 2781 Fructus
957 2749 1029 2782 inde

597 2793 769 2826 uberrimus
783 2797 831 2826 est
844 2804 863 2826 a
876 2794 1030 2826 confessa-

597 2838 649 2871 riis
666 2838 821 2871 collectus.

772 3104 829 3135 351

1052 435 1088 466 In
1120 434 1236 476 Anylia
1266 435 1503 477 praeparabatur
1537 435 1574 466 In
1604 433 1776 474 California
1806 434 1844 466 15
1873 433 2056 466 Sacerdotes
2086 445 2157 466 cum

1070 479 1277 521 emancipatio
1337 479 1503 512 catholico·
1556 480 1573 511 1
1600 478 1787 520 Coadjutore
1811 478 1841 511 S.
1868 478 1898 510 J.
1924 478 1952 510 3.
1978 478 2053 511 Feb.
2080 480 2158 510 1768

1554 523 1661 555 navim
1694 523 1940 555 conscenderunt
1971 522 2087 555 relictis
2121 524 2159 555 14

1554 567 1787 600 reductionibus
1799 577 1870 599 cum
1881 567 1959 599 6985
1972 567 2158 608 Neophytis,

1557 622 1688 654 quorum
1721 622 1796 644 cura
1828 611 1993 644 commissa
2025 611 2088 643 fuit
2121 613 2160 644 14

1556 656 1780 689 Franciscanis.

1055 1279 1132 1311 1768
1186 1278 1330 1311 Gracom'a
1380 1289 1400 1310 a
1442 1279 1508 1310 Mo·
1541 1279 1628 1317 1769,
1666 1289 1770 1311 mense
1806 1278 1896 1310 Febr.
1934 1278 2016 1310 Socii
2053 1279 2110 1310 241
2148 1289 2164 1310 e

1074 1323 1154 1355 schis
1187 1323 1312 1355 obsessa
1339 1327 1371 1355 et
1402 1327 1506 1365 capta,
1560 1323 1645 1355 Chile
1679 1323 1812 1361 advecti,
1847 1323 1989 1355 Gadibus
2023 1323 2056 1355 in
2090 1323 2165 1355 navi

1075 1367 1197 1409 amplus
1235 1368 1341 1409 patuit
1379 1378 1507 1409 campus
1561 1367 1681 1400 suecica
1692 1367 1786 1409 positi
1799 1372 1882 1405 sunt,
1907 1371 1944 1399 ut
1956 1367 2060 1400 exules
2073 1367 2165 1400 vehe—

1075 1412 1192 1454 collegii
1203 1412 1300 1445 Sociis
1316 1412 1348 1444 in
1364 1412 1508 1444 curandis
1561 1416 1670 1444 rentur
1687 1412 1719 1444 in
1739 1412 1874 1444 Italiam.

1075 1457 1255 1495 vulneratis,
1270 1457 1417 1498 juvandis
1432 1466 1507 1498 pau-

1075 1501 1209 1543 peribus,
1239 1501 1406 1533 liberandis
1436 1511 1508 1543 cap-

1076 1546 1158 1578 tivis.
1229 1546 1306 1584 Quae
1337 1545 1509 1587 praestitere

1076 1601 1146 1622 cum
1164 1590 1282 1632 collegii
1299 1591 1413 1623 damno
1430 1591 1510 1623 5000

1076 1644 1249 1668 aureorum.
1326 1635 1510 1667 Manserunt

1076 1680 1256 1712 Moscovitae
1312 1690 1410 1722 usque
1468 1680 1509 1712 ad

1076 1725 1103 1757 3.
1132 1725 1217 1766 Sept.
1247 1725 1334 1757 1769.
1542 1725 1580 1757 In
1607 1723 1840 1757 reductionibus
1869 1723 1997 1766 regebat
2020 1723 2167 1756 Indianos

1641 1771 1690 1801 Pr.
1710 1768 1860 1801 Chilensis
1977 1768 2054 1800 7718

1655 1837 1676 1852 ‚,
1708 1812 1861 1852 Quitemis
1978 1813 2056 1844 7586

1655 1882 1676 1897 ,‚
1711 1857 1855 1889 Peruana
1956 1857 2056 1889 55000

1655 1927 1675 1941 „
1709 1902 1791 1934 Novi
1813 1902 1911 1943 Requi
1977 1901 2057 1934 6594

1656 1971 1677 1986 „
1711 1946 1879 1979 Mexicana
1940 1946 2056 1978 122001

1545 2304 1632 2336 1768.
1652 2304 1698 2336 19.
1717 2302 1803 2344 Maj.,
1822 2312 1883 2344 quo
1907 2302 1956 2334 die
1975 2301 2058 2334 bona
2074 2301 2170 2333 confi-

1564 2352 1652 2380 scata
1660 2348 1754 2386 fuere,
1784 2347 1836 2380 Pr.
1847 2346 2100 2387 Philippimirum
2113 2356 2170 2378 nu-

1565 2392 1708 2425 merabat
1727 2392 1787 2424 PP.
1810 2392 1877 2429 116,
1898 2390 2000 2423 Schol.
2022 2391 2050 2429 2,
2073 2391 2167 2423 Coad.

1564 2438 1617 2475 40;
1635 2436 1716 2469 Socii
1733 2437 1791 2468 100
1808 2435 1987 2468 ministeriis
2004 2435 2169 2467 Societatis

1565 2481 1724 2514 vacabant
1751 2481 1784 2513 in
1812 2481 1851 2512 60
1879 2479 2069 2512 stationibus
2098 2479 2170 2511 Mis-

1565 2526 1668 2564 sionis,
1693 2535 1762 2568 quae
1782 2525 1942 2557 Doctrinae
1963 2524 2168 2562 vocabantur,

1566 2571 1644 2603 etin
1658 2569 1800 2612 pluribus
1814 2571 1846 2603 C.
1872 2569 1950 2601 Cum
1965 2568 2171 2610 expelleretur

1566 2615 1704 2647 Societas
1754 2623 1901 2646 numerus
1951 2622 2169 2645 conversorum

1567 2663 1635 2692 erat
1657 2659 1779 2691 circiter
1801 2658 1969 2691 2.000.000.

1061 2438 1148 2470 1771.
1162 2438 1190 2470 6.
1203 2437 1296 2469 Mart.
1311 2437 1400 2469 Card.
1414 2437 1513 2470 Mare-

1080 2482 1184 2514 fuscus
1211 2481 1414 2514 constituitur
1440 2482 1513 2514 visi-

1081 2530 1167 2559 tator
1193 2527 1225 2559 C.
1239 2526 1450 2565 szemorum,
1479 2530 1511 2559 et

1062 2616 1089 2648 7.
1107 2615 1181 2657 Maj.
1203 2615 1294 2648 Card.
1316 2615 1381 2647 dux
1397 2615 1514 2647 Ebora-

1082 2659 1179 2692 censis
1211 2661 1372 2691 seminarii
1399 2661 1515 2691 Roma-

1080 2706 1113 2736 ni
1130 2714 1194 2736 una
1209 2714 1280 2736 cum
1297 2703 1513 2737 Cardinalibus

1081 2749 1254 2781 Marefusoo
1278 2752 1310 2781 et
1332 2748 1479 2781 Colonna.

1245 3102 1303 3135 352
