2372 3550
112 327 271 364 Hispania,
292 326 450 356 Lusitania

47 455 83 486 In
107 453 265 494 Hispania
288 453 435 495 Episcopi
459 453 507 494 ju-

63 502 180 531 vantur
195 508 214 530 a
225 498 352 530 Jesuitis
368 498 400 529 in
416 507 507 538 syno-

64 543 121 582 dis,
139 547 175 575 ut
192 542 362 575 Concilium
380 542 506 574 Triden-

64 589 165 619 tinum
185 587 361 619 executioni
380 586 506 618 mande-

64 636 124 664 tur.

44 943 120 974 1567
130 942 313 974 Visitatores
323 942 507 974 mittuntur:

62 987 154 1019 Mich.
186 987 293 1018 Torres
323 987 355 1018 in
384 986 504 1018 Lusita-

62 1032 156 1070 niam,
180 1031 246 1073 AEg.
270 1030 420 1063 Gonzales
441 1031 504 1062 Da-

63 1076 127 1107 vila
147 1076 179 1107 in
198 1075 356 1107 Castellam
378 1079 410 1107 et
426 1075 504 1107 Ara-

62 1121 191 1161 qoniam,
232 1120 339 1152 Barth.
392 1120 503 1151 Busta-

62 1165 199 1197 mantius
230 1165 263 1196 in
297 1164 440 1196 Baeticam
472 1168 504 1196 et

64 1209 237 1241 Toletanam
258 1209 441 1250 provincias.

39 1387 115 1419 1567
138 1389 210 1425 Dpr.
236 1386 458 1419 Vallisoletana.

598 325 771 359 Germania,
793 324 932 359 Belgium

542 497 620 528 1566
632 497 771 529 Canisius
784 496 927 537 Augustae
940 495 993 527 ob-

562 542 643 573 tinet
655 551 790 573 unacum
802 541 903 582 legato
917 549 993 581 pon-

560 586 657 618 tificio
686 585 915 618 Commendone
962 584 994 615 in

561 630 694 662 comitiis
706 629 879 662 Germaniae
891 629 992 660 decre-

562 679 596 706 ta
613 679 803 716 opportuna3
822 673 943 705 reducit
960 674 992 704 in

561 720 687 751 Austria
697 718 812 750 multos
822 718 990 750 haereticos.

560 764 604 795 At
644 767 770 795 senatus
810 762 991 794 Austriacus

560 808 701 849 postulat
715 806 925 848 expulsionem
941 806 991 838 Je-

561 853 722 890 suitarum‚
735 856 767 884 ct
777 853 808 883 C.
820 851 991 882 Viennense

561 897 592 928 vi
611 900 816 938 expugnatur.
852 895 991 927 Decretis

561 946 666 973 tamen
674 940 893 973 Universitatis
902 940 991 971 Vien-

559 986 661 1018 nensis
704 989 813 1017 contra
854 984 990 1016 Jesuitas

559 1030 789 1062 Maximilianus
819 1029 860 1061 Π.
889 1039 991 1060 assen-

560 1085 627 1106 sum
638 1075 702 1116 ]’3111
713 1074 888 1115 praebitum,
899 1073 993 1105 inter-

560 1119 687 1151 cedente
723 1118 890 1150 Laurentio
926 1118 991 1149 Ma-

557 1164 607 1205 gio
617 1164 717 1195 Roma
732 1163 834 1201 misso,
845 1162 985 1194 retrahit.

537 1387 613 1418 1566
642 1386 678 1417 In
706 1385 810 1427 Belgio
840 1385 991 1416 seditione

555 1431 640 1462 facta
656 1430 729 1462 socii
750 1429 869 1471 expulsi
886 1434 990 1479 sunte

959 1484 989 1505 111

556 1476 649 1507 domo
711 1475 907 1512 Tornacensi,

38 1521 114 1552 1567
137 1520 313 1552 Missionem
337 1520 368 1552 in
391 1520 499 1552 insulis
556 1530 649 1561 quam
666 1524 776 1561 postea
792 1519 904 1550 iterum
923 1518 990 1550 red-

57 1565 200 1597 Cauaras
222 1565 339 1597 obeunt
361 1565 498 1597 Jacobus
555 1565 668 1596 ierunt.

55 1609 170 1660 Lopius
188 1614 220 1642 et
236 1610 421 1641 Laurentius
438 1609 498 1641 Go-

55 1664 144 1686 mins.

35 1832 111 1864 1568
144 1832 180 1864 In
211 1832 374 1864 Lusitania
404 1832 498 1864 Seba-

54 1877 174 1909 stianus
194 1877 258 1918 jam
280 1881 421 1909 maturus
441 1877 498 1909 im-

53 1922 137 1962 perio
150 1931 219 1953 011111
232 1921 341 1953 ardore
353 1926 498 1963 acceptat

54 1975 121 2007 quae
134 1966 249 2007 Borgia
259 1966 414 2007 proponit.
438 1966 497 1998 Hic

53 2010 160 2042 studet
170 2010 267 2042 socios
277 2010 385 2052 procul
395 2014 499 2042 tenere

53 2064 71 2085 a
95 2055 226 2096 negotiis
252 2058 364 2093 status,
391 2055 452 2086 imo
479 2055 497 2086 3

52 2098 253 2131 confessarios
275 2099 344 2131 vult
365 2099 404 2131 ab
426 2099 497 2131 aula

51 2153 205 2175 revocare.

31 2365 108 2397 1569
138 2365 324 2406 Ulyssipone
354 2366 390 2397 18
421 2366 495 2398 socii

49 2413 137 2451 peste
161 2409 375 2441 laborantibus
400 2410 495 2442 inser-

20 2475 23 2478 ·
50 2455 170 2487 vientes
193 2453 304 2487 obiere.

31 2587 108 2620 1569
137 2587 276 2619 Rebellio
304 2587 493 2620 Maurorum.

50 2632 131 2664 Socii
151 2632 183 2664 in
205 2632 342 2664 exercitu
363 2632 495 2664 Joannis

45 2676 202 2709 Austriaci
214 2677 288 2708 etin
299 2676 497 2708 0135311111ᾱο-

51 2721 111 2753 ν101
132 2721 346 2762 Requesensis.
385 2721 496 2752 Profli-

49 2765 376 2807 gatorumMaurorum
388 2769 498 2807 postea

50 2810 259 2851 patrocinium
282 2809 465 2851 suscipiunt.

258 3118 298 3150 54

536 1743 640 1774 Novas
648 1742 865 1774 tribulationes
880 1741 989 1773 attulit

555 1787 669 1819 bellum
687 1787 882 1819 Geusiorum.

532 2190 787 2225 congregationes
837 2189 986 2218 Marianae

550 2232 614 2274 jam
629 2242 648 2263 a
658 2231 764 2273 primis
775 2231 806 2262 in
819 2230 988 2263 Germania

551 2277 680 2308 Jesuitis
715 2276 797 2307 inter
830 2275 985 2307 studiosos

550 2321 706 2353 institutae
738 2320 872 2352 multum
906 2319 986 2351 fruc-

550 2370 619 2397 tum
641 2365 794 2402 tulerunt;
820 2367 886 2394 1565
903 2368 980 2394 Vien-

552 2417 592 2435 nae
610 2411 696 2435 erecta
723 2410 763 2435 est
788 2416 841 2434 una
860 2416 907 2443 pro
924 2408 978 2434 Ita-

551 2445 591 2477 lis,
617 2447 644 2471 et
669 2443 825 2478 procedente
857 2447 974 2478 tempore

552 2480 609 2507 aliae
642 2488 689 2515 pro
718 2480 820 2506 civibus
851 2480 878 2506 in
901 2480 979 2506 variis

553 2516 700 2543 Germaniae
719 2515 836 2542 urbibus.

739 3117 779 3149 55

1116 323 1238 358 Anglia‚
1259 321 1386 352 Polonia

1025 893 1102 924 1566
1118 895 1148 925 G.
1159 893 1315 925 Pultovtae.
1338 892 1475 924 Societas

1044 937 1180 969 donatur
1222 948 1240 968 a
1284 938 1366 978 Rege
1408 937 1474 978 jure

1043 982 1166 1023 publico
1179 982 1345 1013 etcivitate
1353 981 1473 1022 polona.

1024 1428 1100 1459 1567
1119 1426 1291 1459 Stauislaus
1309 1426 1434 1461 Kostka.
1458 1436 1475 1457 a

1044 1472 1175 1511 Canisio,
1192 1471 1244 1512 qui
1260 1482 1329 1503 011111
1344 1471 1476 1512 Dilingae

1044 1521 1218 1558 exceperat,
1247 1517 1379 1548 Romam
1405 1516 1476 1547 mis—

1043 1572 1103 1599 sus,
1125 1566 1157 1593 et
1174 1561 1348 1593 Stauislaus
1370 1560 1475 1592 Varse-

1041 1606 1143 1644 vitius,
1169 1606 1262 1637 ambo
1286 1605 1405 1643 Poloni,
1431 1605 1476 1636 in-

1042 1654 1130 1682 trant
1151 1651 1184 1682 111
1206 1650 1404 1682 Societatem.

1022 1829 1099 1860 1568
1126 1828 1310 1860 Laurentius
1337 1827 1474 1868 Magius,

1040 1874 1174 1905 Austriae
1208 1872 1421 1910 Provincialis,
1458 1882 1477 1903 a

1664 320 1824 350 Missiones
1845 320 1962 349 exterae

1512 448 1548 479 In
1563 447 1699 479 Brasilia
1711 447 1775 489 jam
1790 447 2001 478 fundaverant
2014 446 2129 478 multas

1529 492 1711 524 residentias
1733 491 1870 524 Jesuitae.

1530 627 1606 658 1565
1622 626 1772 667 Tempore
1787 634 1908 666 magnae
1923 624 2018 665 pestis
2039 626 2130 655 Jaco-

1529 673 1628 707 baeuS‚
1647 672 1795 701 Gonsalez
1828 674 1860 701 et
1892 669 1944 701 alii
1973 668 2069 700 bonos
2098 679 2130 700 se

1528 714 1694 756 praebendo
1734 713 1885 751 medicos,
1939 723 2130 751 nosocomos,

1528 766 1667 801 pastores
1696 758 1870 790 animarum
1899 758 2060 799 indigenas
2090 757 2130 789 ad

1528 804 1623 836 fidem
1638 804 1817 844 disponunt.
1846 802 2016 834 [ludovicus
2028 801 2131 833 Grana

1527 859 1621 890 grave
1654 849 1735 879 inter
1768 847 1934 879 Lusitanos
1968 846 2129 878 dissidium

1528 893 1696 934 componit.

1509 1205 1586 1236 1566
1601 1206 1708 1235 Petrus
1723 1205 1895 1240 martinius,
1915 1204 1964 1235 Jo.
1981 1203 2129 1239 Rogerius

1528 1253 1559 1281 et
1593 1248 1764 1289 Coadjutor
1798 1247 1977 1288 temporalis
2022 1248 2130 1278 Franc.

1528 1295 1707 1330 villaregius
1726 1292 1899 1324 adveniunt
1916 1291 1949 1323 in
1968 1292 2133 1326 normam,

1528 1338 1581 1370 ubi
1613 1338 1732 1369 fructus
1764 1337 1902 1378 exiguus.
1966 1335 2131 1367 Martinius

1528 1393 1601 1414 mox
1623 1387 1752 1414 necatur
1774 1392 1792 1413 a
1813 1380 2057 1413 Tacatucuranis
2080 1380 2133 1421 qui

1529 1427 1599 1459 odio
1621 1427 1782 1458 habebant
1804 1426 1971 1467 Hispanos.

1040 1918 1096 1949 Pio
1115 1917 1152 1950 V.
1173 1918 1204 1949 in
1226 1917 1386 1948 Polom'am
1404 1916 1475 1947 mit·
1509 1917 1585 1948 1567
1616 1918 1741 1948 Hieron.
1765 1916 1887 1946 Ruitius
1912 1916 2055 1946 Portillus
2081 1924 2134 1945 no-

1041 1963 1128 2001 titur‚
1143 1966 1179 1994 ut
1190 1972 1291 2003 regem
1305 1961 1474 2002 Sigismun-

1041 2007 1115 2038 dum
1128 2007 1169 2039 11.
1183 2017 1252 2038 011111
1264 2015 1359 2037 uxore
1370 2015 1475 2037 recon-

1040 2051 1169 2083 ciliaret.
1199 2051 1277 2082 Tum
1293 2051 1427 2091 primum
1444 2051 1475 2081 G.

1040 2096 1188 2127 Polonica
1213 2095 1321 2126 invisit
1346 2094 1475 2126 Provin-

1040 2140 1125 2172 cialis
1191 2140 1375 2180 curavitque
1440 2143 1476 2170 ut

1039 2184 1284 2226 Brunsbergensi
1311 2186 1342 2216 C.
1373 2183 1413 2214 ad
1436 2183 1475 2214 30

1039 2229 1136 2261 socios
1146 2229 1272 2260 alendos
1286 2239 1304 2260 a
1312 2227 1475 2259 Cardinale

1041 2273 1136 2305 Hosio
1148 2273 1366 2314 supplerentur
1374 2271 1478 2303 media

1039 2317 1392 2358 necessarialitterisque
1406 2316 1474 2347 fun-

1039 2362 1175 2394 dationis
1215 2361 1328 2393 ultima
1362 2371 1474 2392 manus

1041 2407 1210 2438 accederet.

1020 2585 1097 2617 1568
1118 2587 1226 2616 Petrus
1252 2586 1364 2621 Scarga
1383 2583 1474 2615 Polo-

1039 2640 1107 2668 nus,
1120 2630 1321 2661 concionator
1331 2629 1395 2670 J'am
1407 2631 1475 2659 erat

1040 2674 1145 2715 magni
1161 2673 1305 2711 nominis,
1324 2683 1395 2704 cum
1413 2672 1474 2703 Ro-

1039 2728 1098 2750 mae
1140 2728 1231 2750 suum
1274 2717 1462 2758 tyrocinium

1039 2763 1165 2804 incepit.

1224 3117 1264 3149 56

1528 1961 1666 1992 minatus
1688 1959 1901 1996 Provincialis,
1924 1958 2070 2000 Philippo
2092 1958 2132 1991 II.

1528 2005 1717 2046 postulante,
1741 2014 1811 2036 cum
1835 2005 1851 2034 7
1874 2003 1964 2035 sociis
1986 2003 2017 2034 in
2040 2005 2134 2033 Peru-

1528 2052 1610 2081 viam
1640 2049 1752 2087 tendit,
1796 2047 1858 2086 ubi,
1890 2048 1968 2079 1568
1998 2047 2132 2085 advecti,

1528 2094 1688 2135 splendide
1702 2093 1903 2134 recipiuntur.
1931 2091 2134 2134 Magnificum

1529 2149 1601 2170 mox
1614 2140 1645 2170 C.
1658 2137 1765 2175 Limoe,
1779 2137 1865 2169 aliud
1878 2137 1954 2168 1571
1968 2136 2135 2168 inchoatur

1527 2183 1648 2215 Guschi.
1706 2181 1928 2213 Parochiarum
1958 2180 2133 2221 acceptatio

1528 2237 1619 2259 cursu
1642 2226 1790 2268 temporis
1813 2225 2040 2257 controversias
2062 2235 2134 2256 cum

1527 2271 1699 2304 Ordinariis
1719 2274 1812 2308 creat,
1833 2270 1909 2302 alias
1929 2269 2134 2301 difficultates

1528 2316 1674 2348 admissio
1685 2315 1837 2347 sociorum
1848 2324 1911 2346 non
1921 2314 1998 2345 satis
2019 2313 2134 2345 forma-

1528 2366 1641 2393 torum.
1676 2360 1780 2398 Quare
1798 2358 1961 2400 parochias
1988 2357 2133 2389 abdicare

1527 2405 1666 2443 student,
1685 2408 1717 2436 et
1734 2403 1863 2435 tandem
1880 2402 2028 2434 Portillus
2046 2412 2134 2433 revo-

1528 2454 1626 2482 catur.

1790 3113 1830 3146 57
