2372 3550
153 279 311 315 Hispania,
332 278 490 307 Lusitania
558 244 575 351 ἱ
636 278 810 315 Germania,
831 280 971 316 Belgium

1153 282 1276 319 Anglia,
1297 283 1425 313 polonia
1525 251 1597 358 ¹—
1701 284 1861 314 Missiones
1882 285 1999 315 exterae

84 407 161 438 1648
192 405 312 437 Tudeloe
339 404 444 436 missio
472 403 547 436 cele-

103 451 165 482 bris
177 461 246 482 cum
268 450 418 481 immenso
429 448 546 480 anima-

103 505 172 526 rum
191 495 295 526 fructu
312 493 422 525 habita
440 497 487 525 est
505 493 544 524 ab

104 540 294 579 Hieronymo
308 538 424 579 Lopez:
439 547 494 578 per
508 537 545 568 15

102 584 166 615 dies
224 582 359 624 parochi,
426 585 544 622 septem

101 627 232 669 religiosi
260 626 391 665 ordines,
420 625 545 667 Collegii

101 672 209 703 Patres
236 671 446 702 indesinenter
473 679 544 702 con-

101 715 284 748 fessionibus
307 715 468 747 audiendis
491 724 544 745 va-

101 760 225 792 cabant.
262 759 348 791 Idem
365 759 428 791 fere
445 759 543 791 conti-

99 805 147 846 git
169 805 202 836 in
219 805 238 836 8
251 804 318 836 aliis
344 804 465 845 oppidis
490 813 545 844 per

101 849 232 881 eundem
253 849 378 880 Patrem
399 848 543 880 missione

101 894 242 926 excultis.

575 938 653 969 1650
678 938 713 969 In
738 940 787 970 Pr.
811 938 944 970 Austrioe
967 939 1026 970 800

594 982 668 1014 socii
681 986 712 1014 et
724 982 806 1014 inter
817 983 873 1014 hos
886 983 944 1014 323
956 983 1023 1015 Sao.

593 1026 738 1058 Ecclesiae
777 1027 1015 1059 reconciliarunt

80 1072 158 1103 1650
168 1072 284 1103 Praeter
296 1071 371 1103 alias
382 1071 541 1103 missiones
593 1071 712 1102 animas
734 1072 801 1103 508.

99 1118 148 1148 Pr.
166 1116 351 1154 Gastellanoe,
370 1116 409 1147 ad
427 1115 542 1156 oppida

99 1161 138 1192 50
160 1164 192 1192 et
214 1161 253 1192 ad
276 1160 366 1192 urbes
390 1160 540 1202 quasdam

101 1215 259 1237 excurrere
273 1205 382 1236 Patres
398 1215 413 1236 e
428 1206 458 1237 C.
474 1204 541 1236 Nu-

99 1249 234 1281 mammo
249 1260 318 1281 cum
333 1259 445 1291 magno
460 1249 540 1280 fruc-

100 1298 145 1332 tu,
171 1294 217 1325 ita
241 1298 278 1325 ut
301 1294 434 1326 Arandae
459 1294 540 1325 cives

100 1338 232 1380 Collegio
253 1338 297 1370 ibi
318 1338 441 1380 figendo
464 1343 540 1370 tem·
571 1337 680 1369 Graeciz'
700 1347 851 1379 pauperes
873 1338 1025 1380 evangeli-

99 1383 196 1424 plum,
207 1383 328 1421 fundos,
341 1383 458 1421 domos,
472 1383 541 1414 hor·
594 1386 705 1413 zantur
728 1392 811 1414 nova
833 1382 867 1415 P.
892 1383 1025 1415 Simonis

100 1432 148 1459 tos
170 1427 348 1459 obtulerint.
594 1426 792 1468 Wolgemuth
825 1436 924 1468 nuper
955 1427 1025 1459 istic

593 1471 733 1503 defuncti
757 1471 919 1504 industria.
946 1472 1025 1504 Con-

594 1516 695 1547 ciones
722 1515 766 1547 ibi
792 1515 825 1547 in
852 1516 1025 1548 carceribus

593 1560 701 1592 haberi
741 1565 852 1602 coeptae
886 1560 1023 1593 fructum

595 1605 737 1637 tulerunt
760 1615 814 1646 spe
837 1605 998 1647 majorem.

575 1872 817 1903 1650G'ermania
822 1871 934 1912 Supin
945 1872 984 1903 20
995 1874 1025 1905 C.

595 1921 626 1948 et
636 1917 653 1948 2
662 1918 738 1954 pr.
748 1920 842 1957 atque
853 1916 920 1948 aliis
929 1917 1025 1948 domi-

594 1961 671 1993 ciliis
700 1961 958 2002 missionibusque
990 1962 1026 1993 13

594 2005 772 2037 numeravit
812 2005 917 2037 Socios
957 2007 1024 2044 637,

595 2060 725 2092 quorum
757 2050 815 2081 333
842 2054 931 2082 erant
958 2051 1024 2083 Sac.

81 2228 156 2260 1651
167 2227 338 2260 Vallisoleti
348 2228 450 2270 capite
460 2228 546 2260 dam·
576 2229 653 2260 1650
675 2227 944 2269 Flandro-Belqica
963 2238 1025 2260 non

100 2272 182 2304 natis
207 2272 302 2314 aliqui
326 2273 364 2304 de
387 2273 542 2304 Societate
594 2283 705 2314 parum
724 2272 859 2304 obnoxia
868 2272 929 2304 fuit
941 2272 1027 2304 belli-

101 2327 198 2358 quum
218 2316 328 2348 ultimo
350 2317 453 2349 triduo
474 2321 542 2349 toto
595 2317 637 2349 cis
651 2316 701 2349 vel
714 2317 797 2349 domi
812 2317 861 2348 vel
873 2317 905 2348 in
920 2317 1026 2349 vicini-

101 2365 169 2393 tum
222 2361 357 2393 maxime
399 2371 543 2403 suprema
595 2366 661 2394 tate
684 2361 792 2394 turbis.
821 2380 859 2383 —
893 2361 1026 2393 Reducti

101 2409 191 2438 nocte
214 2406 319 2437 adesse
340 2405 449 2438 solent.
596 2406 635 2438 ad
646 2406 765 2438 avitam
775 2405 870 2438 fidem
881 2406 950 2447 plus
960 2407 1027 2438 400.

83 2717 159 2749 1651
180 2717 311 2749 Murez'ae
332 2721 437 2759 coepta
456 2717 544 2749 Mau·
578 2717 654 2749 1651
671 2716 708 2748 In
726 2716 870 2748 Bohemia
885 2726 901 2748 e
916 2716 1028 2748 scholis

101 2771 205 2793 rorum
220 2761 421 2794 catechisatio
436 2772 455 2794 a
470 2772 544 2804 quo·
596 2761 761 2793 Societatis
777 2765 890 2802 praeter
906 2770 957 2793 eos
976 2761 1029 2802 qui

102 2806 175 2838 dam
187 2806 281 2838 Patre
298 2806 460 2848 theologiae
475 2816 544 2848 pro·
596 2805 784 2837 Societatem
800 2809 874 2837 sunt
891 2805 1027 2847 ingressi,

102 2850 224 2883 sessore.
596 2850 635 2882 30
646 2849 774 2892 juvenes
786 2849 838 2882 SS.
851 2849 1028 2892 Augustini,

596 2894 762 2933 Francisci‚
773 2894 938 2933 Dominici,
952 2893 1030 2926 Nor·

597 2938 688 2978 berti,
717 2938 872 2971 Brunonis
900 2938 1030 2980 aliisque

598 2983 758 3016 ordinibus
769 2983 898 3016 nomina
908 2983 1028 3017 dedere.

290 3072 348 3105 198
774 3072 833 3105 199

1062 407 1126 439 Sub
1151 408 1307 441 Christina
1330 410 1513 452 (1644—54)

1081 454 1234 484 Antonius
1241 455 1367 485 Macedo
1375 459 1406 486 et
1416 456 1513 486 Joan-
1545 456 1622 487 1649
1644 457 1692 488 Jo.
1710 457 1746 487 de
1763 457 1895 487 Brebeux
1911 460 1944 488 et
1958 458 2049 489 Gabr.
2066 458 2165 488 Laue-

1080 505 1134 527 nes
1153 498 1188 528 de
1206 499 1351 529 Andrada
1368 499 1400 530 in
1419 500 1512 531 comi·
1562 502 1657 531 mand
1683 501 1702 542 †
1727 505 1879 542 martyres
1904 500 1937 532 in
1963 500 2102 541 Canada;
2127 501 2162 534 it.

1081 545 1152 572 tatu
1173 541 1268 583 legati
1289 542 1458 575 Lusitaniae
1479 544 1512 575 in
1564 544 1604 576 ib.
1629 546 1763 576 Jacobus
1781 546 1903 576 Buteux
1923 545 1942 586 †
1962 545 2048 577 1652.

1081 585 1184 617 aulam
1207 585 1324 618 Sueciae
1347 592 1509 620 venerunt.

1080 629 1245 669 Christina,
1261 640 1316 672 per
1330 631 1365 663 P.
1382 632 1510 664 Macedo

1080 678 1111 705 et
1123 678 1196 715 post
1209 676 1508 715 perpaulumcasati

1077 717 1255 760 religionem
1275 720 1461 752 catholicam
1482 731 1510 752 e-

1078 762 1181 801 docta,
1195 763 1273 795 1654
1286 763 1431 796 abdicato
1444 775 1509 807 reg-

1078 816 1117 838 no
1144 807 1275 839 revertit
1299 808 1332 840 in
1358 809 1509 850 gremium

1078 851 1231 884 Ecclesiae.

1058 1074 1275 1105 1647—1649
1359 1075 1508 1112 Quamvis
1542 1076 1618 1107 1650
1643 1075 1692 1107 Ex
1716 1076 1813 1108 Sociis
1838 1076 1895 1108 342
1920 1078 1969 1110 Pr.
1995 1077 2162 1109 Mexieoma

1078 1118 1275 1150 Cromwellus
1314 1124 1450 1160 negaret,
1491 1130 1509 1151 a
1560 1125 1705 1152 numerat
1727 1121 1784 1152 218
1807 1121 1992 1159 sacerdotes,
2018 1131 2160 1163 quorum,

1076 1162 1236 1203 republica
1258 1164 1410 1204 postulari
1438 1174 1508 1196 san·
1560 1164 1628 1196 aliis
1648 1165 1733 1196 domi
1751 1165 1905 1204 distentis,
1924 1165 1958 1197 in
1977 1166 2071 1198 variis
2090 1176 2163 1208 gen-

1075 1207 1513 1248 guinemJesuitarum‚tan1en
1561 1209 1640 1240 tium
1664 1209 1787 1241 Christo
1813 1210 2047 1242 asserendamm
2072 1221 2163 1253 expe-

1076 1251 1133 1282 sub
1153 1251 1219 1293 ipso
1238 1252 1271 1283 in
1290 1252 1439 1284 Hibernia
1457 1263 1508 1285 ne·
1562 1253 1733 1286 ditionibus
1768 1254 1913 1286 Ecclesiae
1949 1264 2073 1296 operam
2109 1265 2163 1287 na-

1078 1296 1141 1327 cati
1166 1301 1240 1328 sunt
1262 1296 1400 1330 Gulielm.
1429 1298 1509 1338 Boy-
1562 1302 1641 1330 vant
1661 1298 1832 1340 sexaginta.

1077 1344 1136 1379 ton,
1177 1340 1290 1373 Robert.
1330 1341 1507 1381 Netterville‚

1077 1384 1168 1417 ιῙοαη.
1192 1385 1270 1417 Bath
1290 1391 1322 1417 et
1341 1386 1403 1418 alii.

1060 1874 1137 1905 1650
1156 1874 1191 1906 In
1208 1874 1356 1906 Hibernia
1373 1875 1510 1907 Societas
1544 1876 1740 1907 1650—1654
1758 1876 1929 1908 Alexander
1948 1876 2064 1909 Rhodes
2082 1877 2111 1909 S.
2132 1876 2162 1909 J,

1079 1929 1116 1950 ex
1130 1919 1167 1950 14
1181 1929 1250 1960 quae
1262 1919 1401 1951 habebat
1413 1920 1510 1951 domi-
1562 1920 1772 1952 missionarius
1795 1920 1966 1953 Cocincinae
1989 1925 2021 1952 et
2042 1921 2164 1963 scriptis

1078 1963 1157 2001 cilia,
1185 1964 1222 1994 10
1247 1964 1360 2001 amisit,
1388 1964 1510 2005 templis

1079 2018 1114 2039 ac
1143 2008 1286 2040 domibus
1314 2008 1345 2039 in
1375 2008 1509 2040 militum

1079 2053 1264 2091 nosocomia,
1302 2053 1351 2084 vel
1386 2053 1511 2085 stabula

1078 2097 1233 2129 conversis
1245 2097 1362 2129 velsolo
1369 2098 1509 2139 aequatis.

1563 1969 1595 1996 et
1618 1965 1683 2006 ipse
1708 1975 1811 1996 coram
1837 1965 1869 1996 id
1894 1965 1960 2007 agit
1985 1966 2101 2004 Romae,
2128 1970 2165 1998 ut

1563 2009 1698 2050 episcopi
1718 2014 1749 2041 et
1768 2010 1953 2041 missionarii
1971 2009 2074 2051 plures
2092 2010 2165 2042 mit-

1563 2057 1672 2085 tantur
1682 2054 1713 2085 in
1728 2053 1906 2085 Tunkinum
1917 2059 1949 2086 et
1959 2054 2163 2087 Cocincinam.

1259 3073 1318 3107 200
1821 3073 1878 3107 201
