2372 3550
1004 257 1038 292 8.
1068 254 1294 304 Scriptores
1323 253 1498 291 ascetici.

288 357 421 386 Jacobus
450 356 579 385 Alvarez
608 354 645 384 de
674 355 745 390 Paz,
775 357 868 385 natus
899 353 977 384 1560
1007 351 1118 389 Toleti,
1149 351 1226 392 ingr.

204 400 252 432 24.
280 400 354 432 Feb.
383 399 471 437 1578,
499 398 595 429 Limae
620 398 653 428 in
680 397 815 429 Peruvia
841 397 938 429 lector
964 396 1170 438 philosophiae
1198 399 1230 426 et

204 444 375 486 theologiae,
396 446 497 475 rector
517 446 549 474 et
567 441 780 474 Provincialis.
820 442 839 483 †
860 443 906 474 17.
929 442 1001 474 Jan.
1023 441 1110 473 1620.

283 507 437 537 Antonius
451 506 486 535 de
499 505 640 540 Gaudier,
656 505 682 535 7.
699 503 770 535 Jan.
787 503 864 535 1572
879 506 972 535 natus
986 503 1019 534 in
1034 503 1123 534 dioec.
1139 502 1229 534 Sues-

205 550 348 589 sionensi,
373 550 420 581 24.
444 549 529 589 Sept.
555 548 632 580 1589
655 548 688 579 in
711 548 817 589 Belgio
840 548 929 589 ingr.‚
954 547 1051 580 lector
1073 548 1103 579 S.
1128 547 1230 587 Scrip-

204 598 283 627 turae
306 599 338 627 et
361 593 523 634 theologiae
546 592 680 631 moralis,
706 593 854 634 magister
877 592 1068 624 novitiorum
1092 591 1228 623 Parisiis

203 640 222 681 †
240 649 302 671 non
320 639 389 680 plus
407 638 446 669 50
465 647 562 669 annos
580 641 674 668 natus
694 638 741 669 14.
762 637 837 678 Apr.
858 638 945 669 1622.

282 699 526 732 Ludovieus
561 699 613 731 (le
644 701 789 733 Ponte
823 699 874 740 (de
902 699 933 731 la
960 699 1104 740 Puente),
1135 698 1230 730 Valli-

205 745 293 777 soleti
308 748 393 776 ortus
407 744 453 775 11.
470 743 549 775 Nov.
566 743 653 782 1545,
669 744 696 775 2.
723 744 797 776 Dec.
814 744 892 775 1574
904 744 993 786 ingr.‚
1009 743 1117 775 docuit
1130 743 1230 784 philo-

205 789 346 831 sophiam
374 792 406 820 et
432 788 634 829 theologiam3
664 787 718 819 sed
744 788 944 820 imbecilliore
972 788 1153 820 valetudine
1181 797 1230 819 co-

206 838 293 866 actus
313 833 419 865 cedere
437 832 510 864 huic
529 832 643 871 officio,
664 843 695 864 se
714 836 819 864 totum
839 833 926 865 dedit
944 833 1122 874 magisterio
1142 832 1230 864 novi-

204 877 564 955 {ffrffimbwffisgfpfioni
591 887 718 918 operum
746 878 959 909 asceticorum.
1011 878 1031 919 †
1057 876 1231 909 Vallisoleti

246 950 252 955 .
303 933 318 954 e
344 948 349 955 .
456 948 462 953 .

284 979 409 1012 Carolus
429 979 579 1018 Scribam,
601 982 695 1011 natus
717 979 870 1011 Bruxellis
892 980 938 1011 21.
962 979 1042 1011 Nov.
1066 979 1153 1018 1561,
1177 979 1230 1010 ad-

204 1024 315 1056 missus
338 1024 470 1056 Treviris
492 1034 533 1056 m.
556 1024 670 1055 martio
693 1024 781 1062 1582,
805 1025 920 1056 Rector
941 1034 996 1065 per
1018 1024 1055 1055 22
1078 1034 1177 1055 annos
1200 1027 1232 1055 et

203 1068 406 1101 Provincialis
424 1068 580 1100 Flandriae
597 1068 792 1110 (1613—19).
829 1069 848 1110 †
866 1069 914 1100 24.
935 1069 1008 1100 Jun.
1029 1069 1116 1100 1629.

282 1130 431 1162 Jeremz'as
452 1129 623 1169 mamlius,
652 1130 866 1172 Augustanus,
886 1133 952 1162 nat.
974 1130 1020 1162 15.
1040 1129 1120 1171 Aug.
1141 1130 1230 1169 1581,

204 1175 327 1208 Jesuita
352 1176 399 1207 27.
427 1174 490 1207 Jul.
518 1175 605 1214 1598,
633 1175 833 1207 concionator
859 1175 977 1207 aulicus
1004 1174 1144 1206 electoris
1172 1175 1231 1206 Ba-

204 1221 307 1252 variae.
340 1220 360 1262 †
376 1219 533 1251 Monachii
549 1219 587 1251 57
605 1229 702 1251 annos
719 1223 813 1251 natus
832 1220 879 1252 19.
897 1219 972 1261 Apr.
992 1219 1078 1251 1638.

206 1327 225 1358 4
256 1284 461 1358 JSltellilgggus
492 1284 593 1320 Binet,
624 1285 690 1314 nat.
723 1281 811 1320 1569,
843 1281 921 1323 ingr.
945 1281 1032 1319 1590,
1064 1281 1230 1322 †Parisiis

229 1353 234 1359 .
279 1337 319 1359 u.
422 1353 428 1359 .

284 1384 452 1416 ladovicus
480 1383 515 1415 de
542 1384 572 1416 Za
601 1384 720 1422 Palma,
751 1384 828 1415 1559
856 1387 922 1415 nat.
953 1383 1062 1421 Toleti,
1092 1383 1170 1415 1575
1198 1383 1231 1414 in

204 1428 402 1461 Provinciam
419 1428 603 1460 Toletanam
629 1429 793 1470 ingressus,
810 1428 938 1469 insignis
955 1428 1165 1466 concionator,
1182 1438 1231 1459 su-

205 1474 314 1515 perior,
337 1473 484 1515 magister
505 1473 705 1512 novitiorum,
728 1472 941 1504 Provincialis.
964 1473 983 1514 †
1004 1472 1126 1504 Matriti
1149 1482 1230 1504 anno

206 1518 308 1550 aetatis
327 1518 375 1557 82,
395 1519 442 1550 20.
462 1518 536 1559 Apr.
557 1518 645 1550 1641.

284 1577 427 1607 Nicolaus
476 1577 647 1612 Lancieius‚
691 1578 757 1607 nat.
804 1574 940 1607 Nesvisii
984 1575 1017 1606 in
1061 1574 1233 1606 Lithuania

206 1621 253 1653 10.
263 1621 336 1652 Dec.
347 1621 434 1659 1574,
449 1620 595 1661 abjurato
618 1619 807 1652 Calvinismo
833 1619 989 1651 Cracoviae
1002 1620 1080 1661 ingr.
1096 1620 1143 1651 17.
1155 1619 1230 1652 Feb.

206 1665 293 1697 1592.
314 1665 433 1697 Studiis
454 1665 562 1696 Romae
582 1664 681 1696 finitis
702 1664 802 1696 socius
823 1664 916 1696 datus
938 1667 985 1695 est
1006 1664 1179 1696 Orlandino
1200 1664 1232 1695 in

206 1710 369 1742 scribenda
386 1709 517 1741 historia¹
535 1709 709 1741 Societatis.
730 1708 902 1750 Aliquanto
921 1712 994 1749 post
1012 1708 1115 1740 factus
1134 1708 1233 1740 lector

205 1754 318 1796 linguae
345 1754 506 1793 hebraicae,
535 1754 565 1786 S.
595 1754 772 1795 Scripturae,
801 1753 973 1794 theologiae,
1002 1757 1104 1785 rector
1132 1753 1232 1785 diver—

206 1809 310 1831 sorum
341 1799 409 1837 CC„
440 1798 653 1830 Provincialis.
701 1798 843 1830 Decessit
873 1798 905 1829 in
924 1798 1051 1839 collegio
1079 1798 1233 1830 Cannensi

206 1844 383 1875 Lithuaniae
405 1854 476 1875 cum
498 1843 583 1874 fama
604 1843 784 1874 sanctitatis
807 1843 853 1874 16.
877 1843 969 1874 Mart.
994 1843 1080 1874 1652.

291 1903 339 1933 J0.
363 1903 399 1933 B.
427 1902 618 1938 saint-sure,
641 1900 734 1932 Metis
758 1903 844 1932 ortus
869 1900 916 1932 19.
941 1900 1016 1932 Feb.
1042 1900 1129 1938 1588,
1154 1900 1231 1941 ingr.

207 1946 234 1978 4.
260 1946 344 1987 Sept.
370 1945 457 1984 1604,
481 1945 671 1986 gubernavit
694 1944 866 1986 complures
890 1944 960 1976 DD.
984 1944 1074 1985 prof„
1099 1944 1234 1976 intravit

207 1990 265 2022 sub
287 1989 396 2022 Carolo
419 1990 443 2022 I.
466 1989 499 2021 in
521 1989 666 2031 Angliam
689 1999 752 2021 una
774 2000 845 2021 cum
867 1988 989 2030 aliquot
1011 1989 1110 2021 sociis.
1133 1989 1152 2031 †
1174 1989 1233 2020 Pa—

208 2034 288 2066 risiis
306 2035 354 2067 30.
374 2034 447 2076 Apr.
468 2034 556 2066 1657.

292 2093 310 2122 J
313 2100 382 2124 oan.
418 2093 529 2124 Euseb.
564 2093 769 2128 Nieremherg,
804 2091 901 2132 stirpe
936 2090 1119 2129 Germanus,
1156 2091 1234 2122 1590

207 2135 327 2167 Matriti
343 2139 420 2175 nat,
436 2136 513 2178 ingr.
532 2136 619 2174 1614,
636 2139 778 2167 mortuus
793 2135 915 2167 Matriti
930 2136 956 2167 7.
973 2135 1047 2177 Apr.
1066 2135 1152 2167 1658.

285 2200 435 2237 casparus
451 2200 628 2235 Druzbicki,
643 2198 720 2229 1590
733 2197 766 2229 in
774 2197 904 2229 Polonia
917 2200 994 2235 nat„
1006 2197 1082 2238 ingr.
1095 2197 1141 2228 20.
1153 2197 1232 2238 Aug.

208 2242 294 2281 1609,
314 2243 462 2284 magister
480 2243 681 2281 novitiorum,
701 2246 812 2280 rector,
832 2241 1045 2280 Provincialis,
1067 2241 1180 2273 claruit
1198 2245 1235 2273 ut

208 2287 340 2329 scriptor
355 2287 506 2319 asceticus
523 2291 555 2319 et
571 2287 780 2319 concionator.
797 2287 817 2328 †
832 2286 959 2318 Posonii
976 2287 1003 2318 2.
1021 2286 1095 2327 Apr.
1114 2286 1202 2318 1662.

285 2347 451 2380 Gulielmus
485 2348 727 2390 Stanyhurstius,
764 2347 946 2389 parentibus
981 2347 1119 2379 hibernis
1156 2347 1234 2379 Bru-

208 2392 295 2424 xellis
319 2393 366 2425 15.
392 2392 465 2425 Jun.
490 2393 566 2425 1601
590 2397 667 2432 nat„
684 2392 856 2424 Mechliniae
880 2392 927 2424 25.
945 2392 1030 2433 Sept.
1049 2392 1126 2423 1617
1142 2392 1232 2434 ingr.‚

207 2437 337 2478 impiger
370 2441 402 2469 et
434 2437 605 2469 industrius
640 2447 752 2479 praeses
779 2437 1032 2478 Congregationis
1061 2436 1096 2468 B.
1124 2437 1166 2468 M.
1195 2437 1231 2468 V.

209 2482 418 2513 studiosorum
452 2482 694 2514 Lovaniensium
727 2492 782 2523 per
814 2482 853 2513 30
886 2491 993 2513 annos.
1045 2481 1064 2523 †
1097 2481 1144 2513 10.
1179 2481 1233 2513 Ja-

208 2526 310 2558 nuarii
335 2526 422 2558 1663.

288 2583 337 2615 J0.
359 2583 424 2615 ιῙοε.
445 2583 551 2622 Smin,
574 2584 620 2615 29.
642 2583 716 2615 Feb.
739 2583 817 2615 1600
838 2587 924 2615 ortus
945 2582 1130 2624 Burdigalae,
1152 2582 1232 2624 ingr.

210 2628 237 2660 2.
258 2627 321 2660 Jul.
343 2628 429 2666 1616,
450 2628 578 2669 insignis
598 2628 766 2659 sanctitate
786 2628 860 2659 vitae
880 2631 912 2659 et
930 2637 1045 2669 magna
1063 2627 1234 2668 prudentia

209 2672 241 2703 in
266 2672 463 2703 moderandis
488 2672 663 2704 animabus.
715 2672 816 2713 Ipsius
843 2682 919 2713 opus
945 2671 1143 2703 notissimum
1171 2676 1232 2703 est:

212 2716 425 2755 „Catechisme
443 2716 616 2758 spirituel“.
653 2717 672 2759 †
691 2717 739 2749 22.
758 2716 833 2758 Apr.
854 2716 941 2748 1665.

294 2779 427 2809 Jacobus
448 2780 557 2815 Nouet,
579 2778 626 2810 25.
650 2778 742 2810 Mart.
767 2778 844 2810 1605
865 2778 1030 2810 Meduanae
1052 2777 1233 2819 (Mayenne)

211 2825 314 2861 natus,
334 2822 472 2854 novitius
492 2823 519 2854 1.
540 2823 625 2864 Sept.
647 2823 734 2861 1623,
755 2822 878 2863 scripsit
897 2826 1007 2854 contra
1026 2822 1233 2861 Jansenistas,

212 2870 244 2898 et
259 2866 407 2907 opuscula
422 2867 564 2906 ascetica,
581 2867 685 2908 magni
703 2877 770 2908 quae
786 2867 888 2898 adhuc
904 2867 1109 2898 aestimantur.
1140 2867 1159 2908 †
1175 2866 1234 2898 Pa-

211 2910 290 2942 risiis
310 2911 358 2943 21.
380 2911 455 2954 Maj.
477 2911 564 2943 1680.

293 2967 474 2999 Franciscus
495 2967 634 3006 Guillorb,
660 2971 725 3000 nat.
742 2968 828 3007 1615,
852 2968 930 3010 ingr.
954 2968 1040 3000 1638.
1065 2968 1084 3010 †
1107 2967 1233 2999 Parisiis

213 3012 260 3044 29.
282 3012 356 3044 Jun.
378 3012 465 3044 1684.

693 3102 751 3134 631

1353 350 1500 382 Nicolaus
1524 350 1711 389 Avaneinus,
1743 354 1809 382 nat.
1842 350 1919 381 1612
1945 348 2119 388 Tirolensis‚
2146 348 2301 380 admissus

1276 396 1363 434 1627,
1395 395 1492 427 lector
1523 395 1700 433 rhetorices,
1734 394 1897 436 theologiae
1927 393 2062 432 moralis,
2095 392 2302 435 philosophiae

1276 440 1394 479 Graecii,
1421 439 1584 481 theologiae
1609 439 1734 472 moralis
1761 443 1793 471 et
1818 438 2003 481 dogmaticae
2027 437 2233 477 Vindobonae,
2262 437 2302 469 ab

1276 494 1302 516 a.
1323 484 1400 516 1682
1418 484 1574 516 Assistens
1592 494 1649 525 pro
1668 484 1843 516 Germania.
1878 483 1898 525 †
1916 483 1944 515 6.
1963 483 2038 515 Dec.
2058 482 2148 514 1686.

1357 545 1539 577 Franciscus
1572 544 1606 576 N
1607 555 1707 585 epveu,
1741 545 1788 577 29.
1819 544 1894 586 Apr.
1929 545 2007 576 1639
2029 542 2068 577 Si·
2090 543 2166 576 Mali
2198 546 2302 583 natus,

1275 589 1352 631 ingr.
1371 590 1418 621 12.
1437 590 1507 621 Oct.
1526 589 1612 628 1654,
1630 589 1649 631 †
1667 589 1849 621 Redonibus
1867 590 1914 621 17.
1932 589 2007 621 Feb.
2026 589 2115 621 1708.

1354 651 1561 692 Hieronymus
1575 651 1609 683 de
1620 651 1793 690 Gonnelieu,
1808 655 1874 683 nat.
1889 650 2105 683 Suessionibus
2120 650 2208 689 1640,
2224 649 2302 692 ingr.

1276 696 1363 735 1657,
1385 696 1405 738 †
1426 696 1553 728 Parisiis
1576 696 1663 728 1715.

1355 757 1405 789 J0.
1432 757 1606 796 Direkinck,
1631 757 1664 789 in
1688 757 1863 790 Guestfalia
1886 761 1972 789 ortus
1997 757 2084 795 1641,
2110 756 2188 788 1661
2212 756 2303 798 ingr.‚

1275 806 1385 840 rector,
1413 802 1561 843 magister
1586 802 1788 841 novitiorum,
1816 801 2030 834 Provincialis.
2058 801 2222 833 Laudatur
2248 801 2306 833 im-

1275 847 1382 888 primis
1398 846 1464 888 ejus
1480 846 1620 885 „Semita
1638 846 1868 888 perfectionis“.
1890 846 1909 888 †
1923 846 2047 884 Geistae,
2063 846 2110 878 26.
2127 846 2200 878 Jan.
2215 845 2304 879 1716.

1355 909 1537 939 Benedictus
1553 909 1697 945 Rogmoi,
1721 908 1853 949 Ragusae
1869 908 1916 940 18.
1933 907 2026 940 Mart.
2044 908 2122 939 1646
2147 910 2225 947 nat„
2243 907 2306 940 Ro-

1276 963 1335 984 mae
1353 953 1399 985 15.
1419 953 1488 984 Oct.
1507 953 1584 984 1661
1602 953 1690 994 ingr.‚
1710 952 1817 984 docuit
1833 952 2031 991 rhetoricam,
2050 951 2200 994 magister
2217 951 2306 984 novi-

1277 998 1401 1036 tiorum,
1423 997 1555 1039 denique
1575 996 1741 1039 dirigendis
1760 997 1896 1028 maxime
1916 997 2070 1029 exercitiis
2089 996 2306 1038 spiritualibus

1278 1045 1457 1083 occupatus.
1480 1042 1499 1083 †
1520 1042 1629 1073 Romae
1650 1042 1677 1074 8.
1699 1041 1774 1074 Feb.
1797 1042 1885 1073 1719.

1357 1105 1499 1135 claudius
1527 1104 1636 1141 Judde,
1661 1103 1708 1135 21.
1733 1103 1808 1135 Dec.
1834 1103 1912 1134 1661
1937 1103 2106 1145 Rotomagi
2130 1106 2228 1142 ortus,
2254 1103 2307 1135 Je-

1277 1148 1374 1225 iliitih
1377 1149 1427 1224 a21't
1442 1148 1530 1224 {5725
1545 1148 1632 1187 1695,
1660 1148 1808 1189 magister
1833 1147 2025 1179 novitiorum
2051 1147 2189 1187 Parisiis,
2216 1148 2236 1191 †
2262 1147 2304 1181 ib.

1355 1250 1405 1282 J0.
1427 1249 1548 1289 Groiset,
1569 1249 1778 1288 Massiliensis,
1799 1252 1865 1281 nat.
1886 1249 1933 1281 28.
1954 1249 2034 1292 Aug.
2056 1249 2145 1289 1656,
2165 1249 2305 1282 novitius

1277 1295 1323 1327 16.
1351 1295 1425 1326 Dec.
1455 1295 1542 1333 1677,
1571 1294 1695 1336 scripsit
1721 1296 1855 1332 primum
1882 1295 1995 1325 librum
2014 1293 2055 1325 ad
2075 1294 2306 1326 defendendam

1276 1343 1313 1415 ᾖ
1324 1339 1545 1415 figuswaffissflgn
1564 1339 1763 1371 devotionem
1781 1339 1814 1370 in
1836 1340 1890 1371 SS.
1909 1340 1966 1370 cor
1987 1340 2072 1371 Jesu.
2106 1339 2126 1382 †
2143 1338 2306 1371 Avenione

1318 1410 1324 1416 .
1370 1394 1419 1415 an.
1525 1410 1530 1416 .

1356 1449 1507 1490 Josephus
1527 1449 1561 1481 de
1579 1449 1708 1489 Gallijet,
1730 1450 1757 1481 2.
1778 1449 1853 1490 Maj.
1875 1449 1953 1481 1663
1973 1449 2072 1491 Aquis
2093 1452 2199 1489 natus,
2220 1449 2251 1482 S.
2273 1449 2304 1482 J.

1278 1494 1324 1526 15.
1346 1494 1431 1535 Sept.
1454 1494 1541 1533 1678,
1562 1494 1717 1526 Assistens
1738 1504 1793 1535 pro
1815 1493 1925 1532 Gallia,
1948 1493 1986 1525 de
2006 1493 2116 1526 eadem
2136 1494 2306 1526 devotione

1278 1538 1401 1580 scripsit
1413 1538 1527 1571 librum
1543 1539 1713 1571 Benedicto
1724 1538 1817 1570 XIII.
1830 1538 2020 1570 dedicatum.
2047 1538 2067 1580 †
2081 1539 2108 1571 1.
2118 1538 2204 1580 Sept.
2215 1539 2304 1571 1749.

1362 1606 1391 1637 J.
1403 1607 1438 1637 B.
1454 1606 1640 1641 scaramelli,
1661 1608 1727 1636 nat.
1740 1604 1849 1636 Romae
1870 1605 1918 1636 24.
1938 1604 2018 1637 Nov.
2041 1604 2129 1643 1687,
2151 1604 2306 1636 admissus

1278 1650 1325 1681 21.
1352 1649 1437 1691 Sept.
1465 1650 1552 1687 1706,
1578 1659 1633 1690 per
1658 1649 1697 1680 30
1722 1658 1820 1680 annos
1845 1658 1933 1681 sacro
1958 1649 2131 1681 ministerio
2157 1649 2304 1682 vacabat.

1278 1694 1297 1736 †
1319 1694 1486 1726 Maceratae
1508 1694 1555 1726 11.
1579 1694 1651 1725 Jan.
1675 1694 1762 1725 1752.

1362 1763 1513 1798 Josephus
1538 1762 1714 1798 Pergmayr,
1740 1760 1773 1792 in
1799 1760 1978 1792 Hablkofen
2005 1760 2148 1792 Bavariae
2173 1761 2201 1793 4.
2228 1759 2304 1793 Feb.

1279 1806 1355 1837 1713
1366 1809 1443 1844 nat„
1456 1807 1482 1837 7.
1494 1805 1579 1846 Sept.
1593 1805 1670 1836 1733
1687 1805 1765 1846 ingr.
1784 1805 1804 1847 †
1821 1805 1988 1844 Monachii,
2001 1805 2055 1837 ubi
2074 1804 2304 1837 concionatoris

1278 1860 1405 1882 munere
1429 1850 1556 1881 functus
1583 1852 1659 1889 erat,
1686 1850 1734 1882 23.
1761 1850 1854 1882 Mart.
1882 1849 1969 1882 1765.

1361 1911 1543 1943 Franciseus
1562 1911 1745 1951 Neumayer,
1766 1911 1923 1943 Monachii
1943 1911 1990 1944 17.
2012 1910 2084 1943 Jan.
2106 1911 2185 1942 1697
2206 1913 2305 1950 ortus,

1279 1956 1356 1997 ingr.
1379 1956 1406 1988 3.
1430 1956 1499 1987 Oct.
1522 1956 1609 1994 1712,
1631 1965 1744 1996 magno
1766 1966 1837 1987 cum
1857 1955 1962 1987 fructu
1982 1955 2112 1997 regebat
2132 1955 2306 1997 Congrega-

1280 2001 1397 2032 tionem
1418 2000 1583 2039 Monachii,
1606 2003 1716 2041 postea
1736 2000 1885 2041 Augustae
1906 1999 2148 2038 Vindelicorum,
2170 1999 2307 2032 florebat

1280 2045 1492 2121 <lzonffffionat107r6
1495 2045 1547 2120 5in
1578 2044 1748 2076 cathedrali
1785 2048 1817 2076 et
1847 2044 1979 2086 scriptor
2009 2044 2171 2083 asceticus,
2202 2043 2257 2076 ubi
2286 2043 2306 2086 †

1301 2116 1307 2121 .
1368 2100 1408 2131 aj.
1516 2115 1522 2121 .

1359 2152 1409 2184 J0.
1434 2152 1567 2184 Michael
1583 2152 1706 2191 Kroust,
1731 2156 1797 2184 nat.
1822 2152 1869 2184 25.
1887 2151 1966 2183 Nov.
1984 2151 2062 2182 1694
2084 2150 2117 2182 in
2127 2150 2255 2192 Aspach
2277 2148 2306 2182 le

1280 2197 1335 2229 bas
1363 2197 1499 2235 Alsatiae,
1527 2197 1666 2228 novitius
1693 2197 1721 2228 8.
1750 2197 1820 2228 Oct.
1849 2197 1935 2235 1711,
1964 2195 2169 2227 confessarius
2195 2194 2306 2227 matris

1280 2242 1433 2273 Ludovici
1443 2241 1530 2273 XVI.
1544 2251 1643 2283 usque
1655 2241 1695 2273 ad
1707 2251 1733 2273 a.
1747 2241 1834 2273 1768.
1855 2240 2051 2283 †Pruntruti
2062 2240 2109 2272 10.
2122 2239 2203 2272 Nov.
2217 2239 2306 2272 1772.

1362 2303 1494 2335 Barthol.
1528 2303 1703 2341 Baudrand,
1723 2307 1789 2335 nat.
1809 2303 1896 2341 1701,
1919 2302 1997 2344 ingr.
2022 2301 2110 2340 1721,
2140 2300 2161 2343 †
2181 2300 2308 2333 Viennae

1280 2348 1389 2389 (Gall.)
1409 2348 1437 2380 3.
1460 2347 1523 2379 Jul.
1546 2348 1634 2380 1787.

1363 2411 1630 2448 Joan.Nie.Grou,
1655 2409 1702 2441 24.
1728 2409 1807 2441 Nov.
1832 2409 1909 2441 1731
1932 2412 2000 2440 nat.
2023 2407 2056 2439 in
2079 2406 2309 2439 dioecesiBolo-

1279 2454 1377 2485 niensi
1395 2453 1591 2495 (Boulogne)‚
1609 2454 1688 2495 ingr.
1701 2454 1779 2485 1746
1796 2453 1909 2485 ultima
1916 2456 1994 2484 vota
2010 2451 2208 2493 nuncupavit
2223 2451 2308 2484 Mus-

1279 2498 1410 2540 siponte,
1441 2508 1501 2540 quo
1529 2502 1669 2539 tempore
1696 2498 1834 2530 Societas
1860 2498 1894 2529 in
1920 2497 2023 2529 Gallia
2048 2496 2114 2538 jam
2141 2499 2210 2528 erat
2235 2505 2308 2538 sup-

1279 2553 1397 2584 pressa;
1419 2542 1547 2574 Jesuitis
1568 2553 1584 2574 e
1603 2542 1807 2584 Lotharingia
1827 2542 1961 2583 expulsis
1981 2540 2107 2573 Parisiis
2128 2540 2187 2573 sub
2206 2539 2307 2572 alieno

1279 2587 1404 2619 nomine
1431 2587 1574 2628 degebat,
1603 2587 1750 2618 saeviente
1778 2586 1916 2618 omnium
1943 2586 1986 2617 ibi
2013 2595 2116 2617 rerum
2142 2584 2308 2626 perturba-

1280 2632 1364 2663 tione
1373 2631 1518 2673 Angliam
1542 2631 1635 2672 petiit
1656 2631 1761 2672 ibique
1783 2631 1883 2662 vitam
1898 2630 2010 2672 regulae
2026 2627 2065 2662 Si·
2077 2629 2192 2671 Ignatii
2208 2638 2308 2671 usque

1281 2676 1321 2707 ad
1343 2680 1520 2708 extremum
1543 2676 1733 2707 conformem
1755 2675 1867 2708 clausit
1887 2675 1920 2707 in
1942 2674 2112 2706 Lulworth.
2134 2673 2154 2716 †
2175 2673 2223 2706 13.
2246 2673 2308 2705 De-

1281 2720 1411 2752 cembris
1437 2720 1526 2752 1803.

1592 2801 1629 2830 In
1643 2801 1816 2831 restaurata
1835 2800 1994 2832 societate.

1359 2860 1511 2892 Henrz'eus
1529 2861 1677 2900 Εατηίὲνθ,
1698 2865 1765 2893 nat.
1785 2861 1872 2900 1821,
1896 2861 1974 2902 ingr.
1997 2859 2085 2898 1839,
2117 2861 2310 2901 propagator

1281 2906 1476 2947 apostolatus
1496 2905 1654 2937 orationis.
1673 2905 1693 2947 †
1713 2905 1833 2937 Tolosae
1851 2905 1879 2937 3.
1899 2905 1971 2937 Jan.
1992 2904 2080 2936 1884.

1362 2967 1471 2999 Frcmw.
1497 2967 1575 2998 Xav.
1590 2966 1746 3006 Gautrelet,
1773 2970 1839 2999 nat.
1858 2966 1945 3005 1807,
1962 2966 2040 3007 ingr.
2056 2965 2144 2997 1829.
2169 2964 2308 3006 †Mont-

1280 3011 1372 3051 lucon
1398 3012 1425 3044 4.
1454 3011 1519 3043 Jul.
1546 3011 1633 3043 1886.

1766 3100 1826 3132 632
