<?xml version="1.0" encoding="UTF-8"?>
<!DOCTYPE html PUBLIC "-//W3C//DTD XHTML 1.0 Transitional//EN"
    "http://www.w3.org/TR/xhtml1/DTD/xhtml1-transitional.dtd">
<html xmlns="http://www.w3.org/1999/xhtml" xml:lang="en" lang="en">
 <head>
  <title>
</title>
<meta http-equiv="Content-Type" content="text/html;charset=utf-8" />
  <meta name='ocr-system' content='tesseract 3.04.00' />
  <meta name='ocr-capabilities' content='ocr_page ocr_carea ocr_par ocr_line ocrx_word'/>
</head>
<body>
  <div class='ocr_page' id='page_1' title='image "./synopsishistoria00wern_0190.png"; bbox 0 0 2372 3550; ppageno 0'>
   <div class='ocr_carea' id='block_1_1' title="bbox 204 257 1234 922">
    <p class='ocr_par' dir='ltr' id='par_1_1' title="bbox 204 257 1233 833">
     <span class='ocr_line' id='line_1_1' title="bbox 283 257 1230 296; baseline -0.001 -6"><span class='ocrx_word' id='word_1_1' title='bbox 283 259 496 290; x_wconf 82' lang='lat' dir='ltr'>ordinationes</span> <span class='ocrx_word' id='word_1_2' title='bbox 524 260 763 296; x_wconf 79' lang='lat' dir='ltr'>Praepositorum</span> <span class='ocrx_word' id='word_1_3' title='bbox 790 259 997 295; x_wconf 86' lang='lat' dir='ltr'>Generalium,</span> <span class='ocrx_word' id='word_1_4' title='bbox 1027 257 1068 289; x_wconf 89' lang='lat' dir='ltr'>ad</span> <span class='ocrx_word' id='word_1_5' title='bbox 1096 257 1230 289; x_wconf 83' lang='lat' dir='ltr'>formam</span> 
     </span>
     <span class='ocr_line' id='line_1_2' title="bbox 207 302 1230 344; baseline -0.002 -9"><span class='ocrx_word' id='word_1_6' title='bbox 207 312 301 344; x_wconf 91' lang='lat' dir='ltr'>quam</span> <span class='ocrx_word' id='word_1_7' title='bbox 326 302 446 335; x_wconf 87' lang='lat' dir='ltr'>habent</span> <span class='ocrx_word' id='word_1_8' title='bbox 469 303 503 334; x_wconf 92' lang='lat' dir='ltr'>in</span> <span class='ocrx_word' id='word_1_9' title='bbox 529 302 692 342; x_wconf 88' lang='lat' dir='ltr'>Instituto,</span> <span class='ocrx_word' id='word_1_10' title='bbox 719 313 758 334; x_wconf 85' lang='lat' dir='ltr'>ex</span> <span class='ocrx_word' id='word_1_11' title='bbox 783 302 847 343; x_wconf 83' lang='lat' dir='ltr'>jam</span> <span class='ocrx_word' id='word_1_12' title='bbox 874 302 1081 334; x_wconf 81' lang='lat' dir='ltr'><strong>existentibus</strong></span> <span class='ocrx_word' id='word_1_13' title='bbox 1108 302 1230 333; x_wconf 90' lang='lat' dir='ltr'>ordina-</span> 
     </span>
     <span class='ocr_line' id='line_1_3' title="bbox 206 346 1229 388; baseline -0.001 -9"><span class='ocrx_word' id='word_1_14' title='bbox 206 347 344 379; x_wconf 81' lang='lat' dir='ltr'>tionibus</span> <span class='ocrx_word' id='word_1_15' title='bbox 378 347 506 380; x_wconf 82' lang='lat' dir='ltr'>fuerunt</span> <span class='ocrx_word' id='word_1_16' title='bbox 540 348 628 388; x_wconf 81' lang='lat' dir='ltr'>jussu</span> <span class='ocrx_word' id='word_1_17' title='bbox 663 347 917 388; x_wconf 87' lang='lat' dir='ltr'>Congregationis</span> <span class='ocrx_word' id='word_1_18' title='bbox 947 346 1019 378; x_wconf 88' lang='lat' dir='ltr'>VII.</span> <span class='ocrx_word' id='word_1_19' title='bbox 1052 350 1229 378; x_wconf 64' lang='lat' dir='ltr'>contractae.</span> 
     </span>
     <span class='ocr_line' id='line_1_4' title="bbox 205 391 1229 433; baseline -0.002 -9"><span class='ocrx_word' id='word_1_20' title='bbox 205 392 399 424; x_wconf 89' lang='lat' dir='ltr'>Dividuntur</span> <span class='ocrx_word' id='word_1_21' title='bbox 410 392 442 424; x_wconf 90' lang='lat' dir='ltr'>in</span> <span class='ocrx_word' id='word_1_22' title='bbox 454 393 492 423; x_wconf 80' lang='lat'>21</span> <span class='ocrx_word' id='word_1_23' title='bbox 505 392 618 433; x_wconf 89' lang='lat' dir='ltr'>capita.</span> <span class='ocrx_word' id='word_1_24' title='bbox 652 391 706 423; x_wconf 91' lang='lat' dir='ltr'>Eis</span> <span class='ocrx_word' id='word_1_25' title='bbox 719 401 738 423; x_wconf 90' lang='lat' dir='ltr'>a</span> <span class='ocrx_word' id='word_1_26' title='bbox 748 395 887 433; x_wconf 90' lang='lat' dir='ltr'>tempore</span> <span class='ocrx_word' id='word_1_27' title='bbox 898 391 1151 432; x_wconf 89' lang='lat' dir='ltr'>Congregationis</span> <span class='ocrx_word' id='word_1_28' title='bbox 1158 391 1229 423; x_wconf 90' lang='lat' dir='ltr'>VII.</span> 
     </span>
     <span class='ocr_line' id='line_1_5' title="bbox 205 435 1232 478; baseline -0.001 -10"><span class='ocrx_word' id='word_1_29' title='bbox 205 436 293 468; x_wconf 91' lang='lat' dir='ltr'>nulla</span> <span class='ocrx_word' id='word_1_30' title='bbox 317 437 382 478; x_wconf 81' lang='lat' dir='ltr'>J&#39;am</span> <span class='ocrx_word' id='word_1_31' title='bbox 413 436 484 475; x_wconf 89' lang='lat' dir='ltr'>alia,</span> <span class='ocrx_word' id='word_1_32' title='bbox 515 440 628 478; x_wconf 87' lang='lat' dir='ltr'>praeter</span> <span class='ocrx_word' id='word_1_33' title='bbox 654 435 892 468; x_wconf 88' lang='lat' dir='ltr'>Ordinationem</span> <span class='ocrx_word' id='word_1_34' title='bbox 917 435 1021 467; x_wconf 88' lang='lat' dir='ltr'>Patris</span> <span class='ocrx_word' id='word_1_35' title='bbox 1054 435 1162 467; x_wconf 88' lang='lat' dir='ltr'>Beckx</span> <span class='ocrx_word' id='word_1_36' title='bbox 1194 436 1232 467; x_wconf 91' lang='lat' dir='ltr'>de</span> 
     </span>
     <span class='ocr_line' id='line_1_6' title="bbox 204 480 1232 522; baseline -0.002 -9"><span class='ocrx_word' id='word_1_37' title='bbox 204 480 291 513; x_wconf 89' lang='lat' dir='ltr'>libris</span> <span class='ocrx_word' id='word_1_38' title='bbox 307 480 499 522; x_wconf 83' lang='lat' dir='ltr'>evulgandis,</span> <span class='ocrx_word' id='word_1_39' title='bbox 517 480 579 512; x_wconf 90' lang='lat' dir='ltr'>fuit</span> <span class='ocrx_word' id='word_1_40' title='bbox 596 480 715 512; x_wconf 90' lang='lat' dir='ltr'>addita.</span> <span class='ocrx_word' id='word_1_41' title='bbox 739 480 797 512; x_wconf 90' lang='lat' dir='ltr'>His</span> <span class='ocrx_word' id='word_1_42' title='bbox 809 480 1068 518; x_wconf 79' lang='lat' dir='ltr'>ordinationibus,</span> <span class='ocrx_word' id='word_1_43' title='bbox 1089 480 1232 521; x_wconf 90' lang='lat' dir='ltr'>quamvis</span> 
     </span>
     <span class='ocr_line' id='line_1_7' title="bbox 206 524 1232 566; baseline -0.002 -8"><span class='ocrx_word' id='word_1_44' title='bbox 206 525 351 558; x_wconf 87' lang='lat' dir='ltr'>Instituti</span> <span class='ocrx_word' id='word_1_45' title='bbox 373 525 494 566; x_wconf 80' lang='lat' dir='ltr'>corpori</span> <span class='ocrx_word' id='word_1_46' title='bbox 515 524 650 564; x_wconf 87' lang='lat' dir='ltr'>insertis,</span> <span class='ocrx_word' id='word_1_47' title='bbox 673 524 782 566; x_wconf 90' lang='lat' dir='ltr'>Congr.</span> <span class='ocrx_word' id='word_1_48' title='bbox 802 525 873 557; x_wconf 91' lang='lat' dir='ltr'>VII.</span> <span class='ocrx_word' id='word_1_49' title='bbox 893 525 922 556; x_wconf 94' lang='lat' dir='ltr'>d.</span> <span class='ocrx_word' id='word_1_50' title='bbox 940 525 989 557; x_wconf 83' lang='lat'>81.</span> <span class='ocrx_word' id='word_1_51' title='bbox 1013 534 1082 556; x_wconf 91' lang='lat' dir='ltr'>eam</span> <span class='ocrx_word' id='word_1_52' title='bbox 1105 528 1232 556; x_wconf 89' lang='lat' dir='ltr'>tantum</span> 
     </span>
     <span class='ocr_line' id='line_1_8' title="bbox 205 569 1232 610; baseline -0.002 -8"><span class='ocrx_word' id='word_1_53' title='bbox 205 570 270 602; x_wconf 88' lang='lat' dir='ltr'>vim</span> <span class='ocrx_word' id='word_1_54' title='bbox 295 569 395 602; x_wconf 92' lang='lat' dir='ltr'>inesse</span> <span class='ocrx_word' id='word_1_55' title='bbox 420 569 592 601; x_wconf 79' lang='lat' dir='ltr'>declaravit</span> <span class='ocrx_word' id='word_1_56' title='bbox 619 579 713 610; x_wconf 91' lang='lat' dir='ltr'>quam</span> <span class='ocrx_word' id='word_1_57' title='bbox 739 569 858 601; x_wconf 89' lang='lat' dir='ltr'>habent</span> <span class='ocrx_word' id='word_1_58' title='bbox 882 569 1009 610; x_wconf 77' lang='lat' dir='ltr'>reliquae</span> <span class='ocrx_word' id='word_1_59' title='bbox 1034 569 1232 601; x_wconf 88' lang='lat' dir='ltr'>Generalium</span> 
     </span>
     <span class='ocr_line' id='line_1_9' title="bbox 206 613 1230 654; baseline -0.001 -8"><span class='ocrx_word' id='word_1_60' title='bbox 206 614 426 646; x_wconf 79' lang='lat' dir='ltr'>ordinationes.</span> <span class='ocrx_word' id='word_1_61' title='bbox 455 613 574 645; x_wconf 88' lang='lat' dir='ltr'>Earum</span> <span class='ocrx_word' id='word_1_62' title='bbox 593 617 690 654; x_wconf 88' lang='lat' dir='ltr'>caput</span> <span class='ocrx_word' id='word_1_63' title='bbox 703 613 756 645; x_wconf 87' lang='lat' dir='ltr'>IV.</span> <span class='ocrx_word' id='word_1_64' title='bbox 771 616 891 645; x_wconf 80' lang='lat' dir='ltr'>monita</span> <span class='ocrx_word' id='word_1_65' title='bbox 908 615 1063 651; x_wconf 86' lang='lat' dir='ltr'>generalia</span> <span class='ocrx_word' id='word_1_66' title='bbox 1081 614 1230 645; x_wconf 88' lang='lat' dir='ltr'>continet.</span> 
     </span>
     <span class='ocr_line' id='line_1_10' title="bbox 207 658 1230 700; baseline -0.001 -9"><span class='ocrx_word' id='word_1_67' title='bbox 207 658 340 700; x_wconf 85' lang='lat' dir='ltr'>Reliqua</span> <span class='ocrx_word' id='word_1_68' title='bbox 372 658 478 699; x_wconf 89' lang='lat' dir='ltr'>capita</span> <span class='ocrx_word' id='word_1_69' title='bbox 508 668 656 699; x_wconf 77' lang='lat' dir='ltr'>personas</span> <span class='ocrx_word' id='word_1_70' title='bbox 688 658 891 699; x_wconf 76' lang='lat' dir='ltr'>particulares</span> <span class='ocrx_word' id='word_1_71' title='bbox 924 658 1104 699; x_wconf 87' lang='lat' dir='ltr'>respiciunt,</span> <span class='ocrx_word' id='word_1_72' title='bbox 1138 668 1168 690; x_wconf 82' lang='lat' dir='ltr'>v,</span> <span class='ocrx_word' id='word_1_73' title='bbox 1202 668 1230 699; x_wconf 82' lang='lat' dir='ltr'>g.</span> 
     </span>
     <span class='ocr_line' id='line_1_11' title="bbox 205 702 1233 744; baseline -0.001 -9"><span class='ocrx_word' id='word_1_74' title='bbox 205 702 424 741; x_wconf 88' lang='lat' dir='ltr'>Provinciales,</span> <span class='ocrx_word' id='word_1_75' title='bbox 450 702 628 744; x_wconf 85' lang='lat' dir='ltr'>Superiores</span> <span class='ocrx_word' id='word_1_76' title='bbox 652 702 774 741; x_wconf 84' lang='lat' dir='ltr'>locales,</span> <span class='ocrx_word' id='word_1_77' title='bbox 800 702 1007 742; x_wconf 89' lang='lat' dir='ltr'>Consultores,</span> <span class='ocrx_word' id='word_1_78' title='bbox 1034 706 1090 734; x_wconf 86' lang='lat' dir='ltr'>aut</span> <span class='ocrx_word' id='word_1_79' title='bbox 1114 702 1154 734; x_wconf 90' lang='lat' dir='ltr'>ad</span> <span class='ocrx_word' id='word_1_80' title='bbox 1179 703 1233 734; x_wconf 88' lang='lat' dir='ltr'>ali-</span> 
     </span>
     <span class='ocr_line' id='line_1_12' title="bbox 207 747 1233 790; baseline -0.001 -10"><span class='ocrx_word' id='word_1_81' title='bbox 207 758 283 790; x_wconf 90' lang='lat' dir='ltr'>quas</span> <span class='ocrx_word' id='word_1_82' title='bbox 307 757 354 780; x_wconf 90' lang='lat' dir='ltr'>res</span> <span class='ocrx_word' id='word_1_83' title='bbox 378 747 583 788; x_wconf 84' lang='lat' dir='ltr'>particulares</span> <span class='ocrx_word' id='word_1_84' title='bbox 607 751 761 788; x_wconf 82' lang='lat' dir='ltr'>spectant,</span> <span class='ocrx_word' id='word_1_85' title='bbox 787 757 817 779; x_wconf 87' lang='lat' dir='ltr'>v.</span> <span class='ocrx_word' id='word_1_86' title='bbox 843 757 871 789; x_wconf 89' lang='lat' dir='ltr'>g.</span> <span class='ocrx_word' id='word_1_87' title='bbox 898 747 939 779; x_wconf 90' lang='lat' dir='ltr'>ad</span> <span class='ocrx_word' id='word_1_88' title='bbox 964 747 1093 779; x_wconf 89' lang='lat' dir='ltr'>tertium</span> <span class='ocrx_word' id='word_1_89' title='bbox 1116 747 1233 779; x_wconf 86' lang='lat' dir='ltr'>Proba-</span> 
     </span>
     <span class='ocr_line' id='line_1_13' title="bbox 205 791 985 833; baseline 0 -9"><span class='ocrx_word' id='word_1_90' title='bbox 205 792 299 825; x_wconf 88' lang='lat' dir='ltr'>tionis</span> <span class='ocrx_word' id='word_1_91' title='bbox 325 801 452 830; x_wconf 90' lang='lat' dir='ltr'>annum,</span> <span class='ocrx_word' id='word_1_92' title='bbox 480 792 521 823; x_wconf 91' lang='lat' dir='ltr'>ad</span> <span class='ocrx_word' id='word_1_93' title='bbox 546 791 682 833; x_wconf 88' lang='lat' dir='ltr'>Collegia</span> <span class='ocrx_word' id='word_1_94' title='bbox 708 792 901 833; x_wconf 86' lang='lat' dir='ltr'>acceptanda</span> <span class='ocrx_word' id='word_1_95' title='bbox 927 795 985 824; x_wconf 88' lang='lat' dir='ltr'>etc.</span> 
     </span>
    </p>

    <p class='ocr_par' dir='ltr' id='par_1_2' title="bbox 285 836 1231 877">
     <span class='ocr_line' id='line_1_14' title="bbox 285 836 1231 877; baseline 0.001 -10"><span class='ocrx_word' id='word_1_96' title='bbox 285 838 505 867; x_wconf 82' lang='lat' dir='ltr'>Instructiones</span> <span class='ocrx_word' id='word_1_97' title='bbox 523 836 564 868; x_wconf 87' lang='lat' dir='ltr'>ad</span> <span class='ocrx_word' id='word_1_98' title='bbox 581 836 792 868; x_wconf 88' lang='lat' dir='ltr'>Provinciales</span> <span class='ocrx_word' id='word_1_99' title='bbox 811 840 843 868; x_wconf 92' lang='lat' dir='ltr'>et</span> <span class='ocrx_word' id='word_1_100' title='bbox 859 836 1038 877; x_wconf 86' lang='lat' dir='ltr'>Superiores</span> <span class='ocrx_word' id='word_1_101' title='bbox 1056 836 1231 868; x_wconf 87' lang='lat' dir='ltr'>Societatis.</span> 
     </span>
    </p>

    <p class='ocr_par' dir='ltr' id='par_1_3' title="bbox 284 880 1234 922">
     <span class='ocr_line' id='line_1_15' title="bbox 284 880 1234 922; baseline 0 -10"><span class='ocrx_word' id='word_1_102' title='bbox 284 881 368 913; x_wconf 93' lang='lat' dir='ltr'>XXI</span> <span class='ocrx_word' id='word_1_103' title='bbox 374 885 449 912; x_wconf 90' lang='lat' dir='ltr'>sunt</span> <span class='ocrx_word' id='word_1_104' title='bbox 454 890 594 919; x_wconf 90' lang='lat' dir='ltr'>numero,</span> <span class='ocrx_word' id='word_1_105' title='bbox 602 880 714 922; x_wconf 90' lang='lat' dir='ltr'>quibus</span> <span class='ocrx_word' id='word_1_106' title='bbox 731 881 947 922; x_wconf 87' lang='lat' dir='ltr'>praemittitur</span> <span class='ocrx_word' id='word_1_107' title='bbox 955 881 1124 913; x_wconf 89' lang='lat' dir='ltr'>Instructio</span> <span class='ocrx_word' id='word_1_108' title='bbox 1130 880 1234 912; x_wconf 88' lang='lat' dir='ltr'>Patris</span> 
     </span>
    </p>
   </div>
   <div class='ocr_carea' id='block_1_2' title="bbox 1276 257 2310 433">
    <p class='ocr_par' dir='ltr' id='par_1_4' title="bbox 1276 257 2310 433">
     <span class='ocr_line' id='line_1_16' title="bbox 1276 257 2308 299; baseline 0.002 -11"><span class='ocrx_word' id='word_1_109' title='bbox 1276 267 1336 299; x_wconf 91' lang='lat' dir='ltr'>que</span> <span class='ocrx_word' id='word_1_110' title='bbox 1350 257 1513 298; x_wconf 88' lang='lat' dir='ltr'>Spiritum,</span> <span class='ocrx_word' id='word_1_111' title='bbox 1529 261 1561 289; x_wconf 90' lang='lat' dir='ltr'>et</span> <span class='ocrx_word' id='word_1_112' title='bbox 1574 257 1771 290; x_wconf 79' lang='lat' dir='ltr'>subnectitur</span> <span class='ocrx_word' id='word_1_113' title='bbox 1782 257 1951 290; x_wconf 90' lang='lat' dir='ltr'>Instructio</span> <span class='ocrx_word' id='word_1_114' title='bbox 1965 267 2021 299; x_wconf 90' lang='lat' dir='ltr'>pro</span> <span class='ocrx_word' id='word_1_115' title='bbox 2035 257 2308 290; x_wconf 83' lang='lat' dir='ltr'>administratione</span> 
     </span>
     <span class='ocr_line' id='line_1_17' title="bbox 1276 301 2306 344; baseline 0.001 -11"><span class='ocrx_word' id='word_1_116' title='bbox 1276 311 1379 333; x_wconf 87' lang='lat' dir='ltr'>rerum</span> <span class='ocrx_word' id='word_1_117' title='bbox 1400 302 1630 343; x_wconf 86' lang='lat' dir='ltr'>temporalium.</span> <span class='ocrx_word' id='word_1_118' title='bbox 1671 302 1722 334; x_wconf 87' lang='lat' dir='ltr'>Ex</span> <span class='ocrx_word' id='word_1_119' title='bbox 1739 302 1888 344; x_wconf 85' lang='lat' dir='ltr'>praedictc</span> <span class='ocrx_word' id='word_1_120' title='bbox 1908 302 2032 334; x_wconf 89' lang='lat' dir='ltr'>decreto</span> <span class='ocrx_word' id='word_1_121' title='bbox 2052 302 2101 334; x_wconf 89' lang='lat'>81.</span> <span class='ocrx_word' id='word_1_122' title='bbox 2113 302 2223 344; x_wconf 87' lang='lat' dir='ltr'>Congr.</span> <span class='ocrx_word' id='word_1_123' title='bbox 2234 301 2306 335; x_wconf 93' lang='lat' dir='ltr'>VII.</span> 
     </span>
     <span class='ocr_line' id='line_1_18' title="bbox 1276 346 2310 388; baseline 0.001 -11"><span class='ocrx_word' id='word_1_124' title='bbox 1276 346 1342 377; x_wconf 90' lang='lat' dir='ltr'>vim</span> <span class='ocrx_word' id='word_1_125' title='bbox 1375 346 1562 378; x_wconf 88' lang='lat' dir='ltr'>directivam</span> <span class='ocrx_word' id='word_1_126' title='bbox 1595 350 1721 378; x_wconf 91' lang='lat' dir='ltr'>tantum</span> <span class='ocrx_word' id='word_1_127' title='bbox 1750 346 1878 379; x_wconf 90' lang='lat' dir='ltr'>habent.</span> <span class='ocrx_word' id='word_1_128' title='bbox 1930 346 2112 388; x_wconf 88' lang='lat' dir='ltr'>Sequuntur</span> <span class='ocrx_word' id='word_1_129' title='bbox 2142 346 2310 379; x_wconf 88' lang='lat' dir='ltr'>Industriae</span> 
     </span>
     <span class='ocr_line' id='line_1_19' title="bbox 1276 390 2307 433; baseline 0.002 -11"><span class='ocrx_word' id='word_1_130' title='bbox 1276 390 1380 422; x_wconf 89' lang='lat' dir='ltr'>Patris</span> <span class='ocrx_word' id='word_1_131' title='bbox 1398 390 1583 432; x_wconf 83' lang='lat' dir='ltr'>Aquavivae,</span> <span class='ocrx_word' id='word_1_132' title='bbox 1602 395 1635 423; x_wconf 87' lang='lat' dir='ltr'>et</span> <span class='ocrx_word' id='word_1_133' title='bbox 1651 390 1812 423; x_wconf 86' lang='lat' dir='ltr'>Exercitia</span> <span class='ocrx_word' id='word_1_134' title='bbox 1827 390 2010 433; x_wconf 89' lang='lat' dir='ltr'>Spiritualia</span> <span class='ocrx_word' id='word_1_135' title='bbox 2034 401 2106 423; x_wconf 91' lang='lat' dir='ltr'>cum</span> <span class='ocrx_word' id='word_1_136' title='bbox 2122 391 2307 424; x_wconf 80' lang='lat' dir='ltr'>Direetorio.</span> 
     </span>
    </p>
   </div>
   <div class='ocr_carea' id='block_1_3' title="bbox 1361 479 1901 522">
    <p class='ocr_par' dir='ltr' id='par_1_5' title="bbox 1361 479 1901 522">
     <span class='ocr_line' id='line_1_20' title="bbox 1361 479 1901 522; baseline 0.002 -11"><span class='ocrx_word' id='word_1_137' title='bbox 1361 479 1419 511; x_wconf 83' lang='lat' dir='ltr'>Hae</span> <span class='ocrx_word' id='word_1_138' title='bbox 1431 483 1506 512; x_wconf 88' lang='lat' dir='ltr'>sunt</span> <span class='ocrx_word' id='word_1_139' title='bbox 1519 479 1614 512; x_wconf 86' lang='lat' dir='ltr'>variae</span> <span class='ocrx_word' id='word_1_140' title='bbox 1627 479 1773 512; x_wconf 86' lang='lat' dir='ltr'>Instituti</span> <span class='ocrx_word' id='word_1_141' title='bbox 1785 483 1901 522; x_wconf 89' lang='lat' dir='ltr'>partes.</span> 
     </span>
    </p>
   </div>
   <div class='ocr_carea' id='block_1_4' title="bbox 1278 568 2311 779">
    <p class='ocr_par' dir='ltr' id='par_1_6' title="bbox 1278 568 2311 779">
     <span class='ocr_line' id='line_1_21' title="bbox 1358 568 2309 610; baseline 0.002 -11"><span class='ocrx_word' id='word_1_142' title='bbox 1358 570 1500 606; x_wconf 86' lang='lat' dir='ltr'>Epitome</span> <span class='ocrx_word' id='word_1_143' title='bbox 1528 570 1664 600; x_wconf 84' lang='lat' dir='ltr'>Instituti</span> <span class='ocrx_word' id='word_1_144' title='bbox 1692 572 1739 601; x_wconf 92' lang='lat' dir='ltr'>est</span> <span class='ocrx_word' id='word_1_145' title='bbox 1767 568 1995 610; x_wconf 87' lang='lat' dir='ltr'>Compendium</span> <span class='ocrx_word' id='word_1_146' title='bbox 2023 568 2123 601; x_wconf 90' lang='lat' dir='ltr'>totius</span> <span class='ocrx_word' id='word_1_147' title='bbox 2153 568 2309 607; x_wconf 89' lang='lat' dir='ltr'>Instituti‚</span> 
     </span>
     <span class='ocr_line' id='line_1_22' title="bbox 1278 612 2310 655; baseline 0.001 -11"><span class='ocrx_word' id='word_1_148' title='bbox 1278 612 1365 653; x_wconf 80' lang='lat' dir='ltr'>jussu</span> <span class='ocrx_word' id='word_1_149' title='bbox 1392 613 1491 654; x_wconf 81' lang='lat' dir='ltr'>Praep.</span> <span class='ocrx_word' id='word_1_150' title='bbox 1521 612 1719 645; x_wconf 88' lang='lat' dir='ltr'>Generalium</span> <span class='ocrx_word' id='word_1_151' title='bbox 1756 613 1943 646; x_wconf 80' lang='lat' dir='ltr'>confectum.</span> <span class='ocrx_word' id='word_1_152' title='bbox 1992 613 2142 645; x_wconf 89' lang='lat' dir='ltr'>Diversas</span> <span class='ocrx_word' id='word_1_153' title='bbox 2168 612 2250 655; x_wconf 87' lang='lat' dir='ltr'>leges</span> <span class='ocrx_word' id='word_1_154' title='bbox 2276 613 2310 645; x_wconf 93' lang='lat' dir='ltr'>in</span> 
     </span>
     <span class='ocr_line' id='line_1_23' title="bbox 1279 657 2310 699; baseline 0.002 -11"><span class='ocrx_word' id='word_1_155' title='bbox 1279 657 1408 689; x_wconf 90' lang='lat' dir='ltr'>diversis</span> <span class='ocrx_word' id='word_1_156' title='bbox 1438 657 1583 690; x_wconf 87' lang='lat' dir='ltr'>Instituti</span> <span class='ocrx_word' id='word_1_157' title='bbox 1609 657 1753 699; x_wconf 90' lang='lat' dir='ltr'>partibus</span> <span class='ocrx_word' id='word_1_158' title='bbox 1781 667 1914 699; x_wconf 88' lang='lat' dir='ltr'>sparsas,</span> <span class='ocrx_word' id='word_1_159' title='bbox 1944 661 1976 690; x_wconf 90' lang='lat' dir='ltr'>et</span> <span class='ocrx_word' id='word_1_160' title='bbox 2004 657 2044 689; x_wconf 89' lang='lat' dir='ltr'>ad</span> <span class='ocrx_word' id='word_1_161' title='bbox 2073 657 2217 690; x_wconf 88' lang='lat' dir='ltr'>eamdem</span> <span class='ocrx_word' id='word_1_162' title='bbox 2244 667 2310 689; x_wconf 85' lang='lat' dir='ltr'>ma-</span> 
     </span>
     <span class='ocr_line' id='line_1_24' title="bbox 1278 701 2311 744; baseline 0.001 -11"><span class='ocrx_word' id='word_1_163' title='bbox 1278 701 1390 733; x_wconf 85' lang='lat' dir='ltr'>teriam</span> <span class='ocrx_word' id='word_1_164' title='bbox 1414 706 1592 743; x_wconf 85' lang='lat' dir='ltr'>spectantes</span> <span class='ocrx_word' id='word_1_165' title='bbox 1616 702 1783 741; x_wconf 87' lang='lat' dir='ltr'>coadunat,</span> <span class='ocrx_word' id='word_1_166' title='bbox 1809 706 1841 734; x_wconf 91' lang='lat' dir='ltr'>et</span> <span class='ocrx_word' id='word_1_167' title='bbox 1863 702 2012 744; x_wconf 86' lang='lat' dir='ltr'>proponit</span> <span class='ocrx_word' id='word_1_168' title='bbox 2035 701 2144 734; x_wconf 89' lang='lat' dir='ltr'>ordine</span> <span class='ocrx_word' id='word_1_169' title='bbox 2167 701 2311 734; x_wconf 89' lang='lat' dir='ltr'>nonnihil</span> 
     </span>
     <span class='ocr_line' id='line_1_25' title="bbox 1279 746 1748 779; baseline 0 -1"><span class='ocrx_word' id='word_1_170' title='bbox 1279 746 1402 778; x_wconf 88' lang='lat' dir='ltr'>diverso</span> <span class='ocrx_word' id='word_1_171' title='bbox 1429 756 1465 778; x_wconf 89' lang='lat' dir='ltr'>ac</span> <span class='ocrx_word' id='word_1_172' title='bbox 1491 746 1748 779; x_wconf 88' lang='lat' dir='ltr'>Constitutiones.</span> 
     </span>
    </p>
   </div>
   <div class='ocr_carea' id='block_1_5' title="bbox 1281 834 2311 922">
    <p class='ocr_par' dir='ltr' id='par_1_7' title="bbox 1281 834 2311 922">
     <span class='ocr_line' id='line_1_26' title="bbox 1359 834 2310 877; baseline 0.001 -10"><span class='ocrx_word' id='word_1_173' title='bbox 1359 835 1507 876; x_wconf 89' lang='lat' dir='ltr'>Epitcme</span> <span class='ocrx_word' id='word_1_174' title='bbox 1525 835 1644 868; x_wconf 88' lang='lat' dir='ltr'>nullam</span> <span class='ocrx_word' id='word_1_175' title='bbox 1662 835 1727 866; x_wconf 89' lang='lat' dir='ltr'>vim</span> <span class='ocrx_word' id='word_1_176' title='bbox 1746 835 1837 867; x_wconf 88' lang='lat' dir='ltr'>addit</span> <span class='ocrx_word' id='word_1_177' title='bbox 1853 835 1986 877; x_wconf 87' lang='lat' dir='ltr'>legibus;</span> <span class='ocrx_word' id='word_1_178' title='bbox 2006 835 2061 868; x_wconf 88' lang='lat' dir='ltr'>sed</span> <span class='ocrx_word' id='word_1_179' title='bbox 2079 834 2210 877; x_wconf 82' lang='lat' dir='ltr'>singulae</span> <span class='ocrx_word' id='word_1_180' title='bbox 2226 845 2310 868; x_wconf 83' lang='lat' dir='ltr'>eam-</span> 
     </span>
     <span class='ocr_line' id='line_1_27' title="bbox 1281 879 2311 922; baseline 0.001 -11"><span class='ocrx_word' id='word_1_181' title='bbox 1281 879 1352 911; x_wconf 89' lang='lat' dir='ltr'>dem</span> <span class='ocrx_word' id='word_1_182' title='bbox 1369 880 1507 913; x_wconf 85' lang='lat' dir='ltr'>retinent</span> <span class='ocrx_word' id='word_1_183' title='bbox 1526 891 1620 922; x_wconf 88' lang='lat' dir='ltr'>quam</span> <span class='ocrx_word' id='word_1_184' title='bbox 1638 879 1758 912; x_wconf 87' lang='lat' dir='ltr'>habent</span> <span class='ocrx_word' id='word_1_185' title='bbox 1776 890 1814 912; x_wconf 91' lang='lat' dir='ltr'>ex</span> <span class='ocrx_word' id='word_1_186' title='bbox 1832 879 1881 912; x_wconf 89' lang='lat' dir='ltr'>his</span> <span class='ocrx_word' id='word_1_187' title='bbox 1900 880 2044 912; x_wconf 89' lang='lat' dir='ltr'>Instituti</span> <span class='ocrx_word' id='word_1_188' title='bbox 2062 879 2208 922; x_wconf 87' lang='lat' dir='ltr'>partibus</span> <span class='ocrx_word' id='word_1_189' title='bbox 2226 879 2311 912; x_wconf 90' lang='lat' dir='ltr'>unde</span> 
     </span>
    </p>
   </div>
   <div class='ocr_carea' id='block_1_6' title="bbox 205 924 1467 968">
    <p class='ocr_par' dir='ltr' id='par_1_8' title="bbox 205 924 1467 968">
     <span class='ocr_line' id='line_1_28' title="bbox 205 924 1467 968; baseline 0 -11"><span class='ocrx_word' id='word_1_190' title='bbox 205 925 380 967; x_wconf 83' lang='lat' dir='ltr'>Aquavivae</span> <span class='ocrx_word' id='word_1_191' title='bbox 398 935 455 967; x_wconf 91' lang='lat' dir='ltr'>pro</span> <span class='ocrx_word' id='word_1_192' title='bbox 475 925 692 967; x_wconf 87' lang='lat' dir='ltr'>Superioribus</span> <span class='ocrx_word' id='word_1_193' title='bbox 713 926 753 957; x_wconf 90' lang='lat' dir='ltr'>ad</span> <span class='ocrx_word' id='word_1_194' title='bbox 774 925 951 968; x_wconf 85' lang='lat' dir='ltr'>augendum</span> <span class='ocrx_word' id='word_1_195' title='bbox 972 925 1234 957; x_wconf 85' lang='lat' dir='ltr'>conservandum·</span> <span class='ocrx_word' id='word_1_196' title='bbox 1282 924 1467 957; x_wconf 84' lang='lat' dir='ltr'>educuntur.</span> 
     </span>
    </p>
   </div>
   <div class='ocr_carea' id='block_1_7' title="bbox 687 1056 1856 1099">
    <p class='ocr_par' dir='ltr' id='par_1_9' title="bbox 687 1056 1856 1099">
     <span class='ocr_line' id='line_1_29' title="bbox 687 1056 1856 1099; baseline -0.001 -1"><span class='ocrx_word' id='word_1_197' title='bbox 687 1058 734 1099; x_wconf 90' lang='lat'>2.</span> <span class='ocrx_word' id='word_1_198' title='bbox 763 1057 1114 1099; x_wconf 77' lang='lat' dir='ltr'>membrorum</span> <span class='ocrx_word' id='word_1_199' title='bbox 1144 1056 1420 1098; x_wconf 82' lang='lat' dir='ltr'>Societatis</span> <span class='ocrx_word' id='word_1_200' title='bbox 1450 1056 1610 1097; x_wconf 82' lang='lat' dir='ltr'>variae</span> <span class='ocrx_word' id='word_1_201' title='bbox 1641 1056 1856 1097; x_wconf 84' lang='lat' dir='ltr'>classes.</span> 
     </span>
    </p>
   </div>
   <div class='ocr_carea' id='block_1_8' title="bbox 204 1145 1231 1858">
    <p class='ocr_par' dir='ltr' id='par_1_10' title="bbox 204 1145 1229 1358">
     <span class='ocr_line' id='line_1_30' title="bbox 287 1145 1229 1185; baseline 0 -7"><span class='ocrx_word' id='word_1_202' title='bbox 287 1146 348 1184; x_wconf 82' lang='lat' dir='ltr'>Qui</span> <span class='ocrx_word' id='word_1_203' title='bbox 361 1146 575 1178; x_wconf 86' lang='lat' dir='ltr'>admittuntur</span> <span class='ocrx_word' id='word_1_204' title='bbox 586 1145 676 1185; x_wconf 88' lang='lat' dir='ltr'>Socii,</span> <span class='ocrx_word' id='word_1_205' title='bbox 692 1145 745 1177; x_wconf 88' lang='lat' dir='ltr'>alii</span> <span class='ocrx_word' id='word_1_206' title='bbox 757 1150 832 1178; x_wconf 88' lang='lat' dir='ltr'>sunt</span> <span class='ocrx_word' id='word_1_207' title='bbox 845 1146 1037 1185; x_wconf 85' lang='lat' dir='ltr'>Sacerdotes,</span> <span class='ocrx_word' id='word_1_208' title='bbox 1052 1149 1109 1178; x_wconf 89' lang='lat' dir='ltr'>aut</span> <span class='ocrx_word' id='word_1_209' title='bbox 1122 1146 1163 1178; x_wconf 87' lang='lat' dir='ltr'>ad</span> <span class='ocrx_word' id='word_1_210' title='bbox 1175 1146 1229 1178; x_wconf 88' lang='lat' dir='ltr'>Sa-</span> 
     </span>
     <span class='ocr_line' id='line_1_31' title="bbox 204 1190 1229 1233; baseline -0.001 -10"><span class='ocrx_word' id='word_1_211' title='bbox 204 1190 376 1223; x_wconf 88' lang='lat' dir='ltr'>cerdotium</span> <span class='ocrx_word' id='word_1_212' title='bbox 396 1190 559 1229; x_wconf 86' lang='lat' dir='ltr'>destinati;</span> <span class='ocrx_word' id='word_1_213' title='bbox 581 1190 634 1222; x_wconf 89' lang='lat' dir='ltr'>alii</span> <span class='ocrx_word' id='word_1_214' title='bbox 652 1190 764 1223; x_wconf 85' lang='lat' dir='ltr'>fratres</span> <span class='ocrx_word' id='word_1_215' title='bbox 784 1190 863 1224; x_wconf 86' lang='lat' dir='ltr'>laici.</span> <span class='ocrx_word' id='word_1_216' title='bbox 904 1190 1010 1233; x_wconf 88' lang='lat' dir='ltr'>Aliqui</span> <span class='ocrx_word' id='word_1_217' title='bbox 1030 1195 1137 1223; x_wconf 88' lang='lat' dir='ltr'>tamen</span> <span class='ocrx_word' id='word_1_218' title='bbox 1158 1201 1229 1223; x_wconf 87' lang='lat' dir='ltr'>can-</span> 
     </span>
     <span class='ocr_line' id='line_1_32' title="bbox 204 1235 1227 1277; baseline -0.001 -10"><span class='ocrx_word' id='word_1_219' title='bbox 204 1235 305 1268; x_wconf 89' lang='lat' dir='ltr'>didati</span> <span class='ocrx_word' id='word_1_220' title='bbox 333 1239 370 1268; x_wconf 93' lang='lat' dir='ltr'>ut</span> <span class='ocrx_word' id='word_1_221' title='bbox 396 1235 610 1267; x_wconf 79' lang='lat' dir='ltr'>indifferentes</span> <span class='ocrx_word' id='word_1_222' title='bbox 640 1235 854 1268; x_wconf 88' lang='lat' dir='ltr'>admittuntur</span> <span class='ocrx_word' id='word_1_223' title='bbox 882 1235 1007 1277; x_wconf 83' lang='lat' dir='ltr'>(Exam.</span> <span class='ocrx_word' id='word_1_224' title='bbox 1036 1236 1134 1277; x_wconf 88' lang='lat' dir='ltr'>gen.);</span> <span class='ocrx_word' id='word_1_225' title='bbox 1165 1235 1227 1277; x_wconf 93' lang='lat' dir='ltr'>qui,</span> 
     </span>
     <span class='ocr_line' id='line_1_33' title="bbox 204 1279 1228 1322; baseline 0 -10"><span class='ocrx_word' id='word_1_226' title='bbox 204 1284 276 1321; x_wconf 88' lang='lat' dir='ltr'>post</span> <span class='ocrx_word' id='word_1_227' title='bbox 302 1283 448 1312; x_wconf 87' lang='lat' dir='ltr'>exactum</span> <span class='ocrx_word' id='word_1_228' title='bbox 474 1279 676 1318; x_wconf 87' lang='lat' dir='ltr'>novitiatum,</span> <span class='ocrx_word' id='word_1_229' title='bbox 704 1290 743 1312; x_wconf 87' lang='lat' dir='ltr'>ex</span> <span class='ocrx_word' id='word_1_230' title='bbox 769 1280 798 1313; x_wconf 91' lang='lat' dir='ltr'>d.</span> <span class='ocrx_word' id='word_1_231' title='bbox 826 1280 875 1312; x_wconf 81' lang='lat'>52.</span> <span class='ocrx_word' id='word_1_232' title='bbox 894 1280 1148 1322; x_wconf 88' lang='lat' dir='ltr'>Congregationis</span> <span class='ocrx_word' id='word_1_233' title='bbox 1175 1280 1228 1312; x_wconf 84' lang='lat' dir='ltr'>IV.</span> 
     </span>
     <span class='ocr_line' id='line_1_34' title="bbox 205 1324 940 1358; baseline 0.001 -2"><span class='ocrx_word' id='word_1_234' title='bbox 205 1325 252 1357; x_wconf 51' lang='lat' dir='ltr'>ads</span> <span class='ocrx_word' id='word_1_235' title='bbox 258 1324 444 1357; x_wconf 89' lang='lat' dir='ltr'>alterutram</span> <span class='ocrx_word' id='word_1_236' title='bbox 458 1324 586 1356; x_wconf 87' lang='lat' dir='ltr'>classem</span> <span class='ocrx_word' id='word_1_237' title='bbox 600 1324 802 1356; x_wconf 87' lang='lat' dir='ltr'>determinari</span> <span class='ocrx_word' id='word_1_238' title='bbox 815 1325 940 1358; x_wconf 89' lang='lat' dir='ltr'>debent.</span> 
     </span>
    </p>

    <p class='ocr_par' dir='ltr' id='par_1_11' title="bbox 204 1368 1231 1858">
     <span class='ocr_line' id='line_1_35' title="bbox 283 1368 1230 1411; baseline 0 -10"><span class='ocrx_word' id='word_1_239' title='bbox 283 1369 360 1401; x_wconf 89' lang='lat' dir='ltr'>Post</span> <span class='ocrx_word' id='word_1_240' title='bbox 385 1368 545 1401; x_wconf 89' lang='lat' dir='ltr'>biennium</span> <span class='ocrx_word' id='word_1_241' title='bbox 571 1369 754 1408; x_wconf 87' lang='lat' dir='ltr'>novitiatus,</span> <span class='ocrx_word' id='word_1_242' title='bbox 783 1379 889 1402; x_wconf 91' lang='lat' dir='ltr'>omnes</span> <span class='ocrx_word' id='word_1_243' title='bbox 916 1373 993 1401; x_wconf 87' lang='lat' dir='ltr'>vota</span> <span class='ocrx_word' id='word_1_244' title='bbox 1018 1369 1172 1411; x_wconf 90' lang='lat' dir='ltr'>simplicia</span> <span class='ocrx_word' id='word_1_245' title='bbox 1197 1372 1230 1401; x_wconf 92' lang='lat' dir='ltr'>et</span> 
     </span>
     <span class='ocr_line' id='line_1_36' title="bbox 204 1413 1228 1455; baseline 0.001 -10"><span class='ocrx_word' id='word_1_246' title='bbox 204 1417 357 1455; x_wconf 88' lang='lat' dir='ltr'>perpetua</span> <span class='ocrx_word' id='word_1_247' title='bbox 379 1413 585 1455; x_wconf 87' lang='lat' dir='ltr'>paupertatis,</span> <span class='ocrx_word' id='word_1_248' title='bbox 619 1414 775 1446; x_wconf 87' lang='lat' dir='ltr'>castitatis</span> <span class='ocrx_word' id='word_1_249' title='bbox 801 1418 832 1446; x_wconf 89' lang='lat' dir='ltr'>et</span> <span class='ocrx_word' id='word_1_250' title='bbox 857 1414 1042 1446; x_wconf 73' lang='lat' dir='ltr'>obedientiae</span> <span class='ocrx_word' id='word_1_251' title='bbox 1067 1414 1228 1452; x_wconf 88' lang='lat' dir='ltr'>emittunt,</span> 
     </span>
     <span class='ocr_line' id='line_1_37' title="bbox 205 1458 1230 1500; baseline 0 -10"><span class='ocrx_word' id='word_1_252' title='bbox 205 1458 317 1500; x_wconf 90' lang='lat' dir='ltr'>quibus</span> <span class='ocrx_word' id='word_1_253' title='bbox 346 1468 418 1490; x_wconf 88' lang='lat' dir='ltr'>vere</span> <span class='ocrx_word' id='word_1_254' title='bbox 445 1458 578 1499; x_wconf 82' lang='lat' dir='ltr'>religiosi</span> <span class='ocrx_word' id='word_1_255' title='bbox 607 1458 850 1491; x_wconf 89' lang='lat' dir='ltr'>constituuntur.</span> <span class='ocrx_word' id='word_1_256' title='bbox 900 1459 960 1491; x_wconf 91' lang='lat' dir='ltr'>Per</span> <span class='ocrx_word' id='word_1_257' title='bbox 987 1459 1053 1491; x_wconf 88' lang='lat' dir='ltr'>haec</span> <span class='ocrx_word' id='word_1_258' title='bbox 1071 1462 1148 1491; x_wconf 90' lang='lat' dir='ltr'>vota</span> <span class='ocrx_word' id='word_1_259' title='bbox 1175 1468 1230 1490; x_wconf 92' lang='lat' dir='ltr'>no-</span> 
     </span>
     <span class='ocr_line' id='line_1_38' title="bbox 205 1503 1230 1545; baseline 0.001 -11"><span class='ocrx_word' id='word_1_260' title='bbox 205 1503 275 1535; x_wconf 88' lang='lat' dir='ltr'>vitii</span> <span class='ocrx_word' id='word_1_261' title='bbox 295 1503 396 1535; x_wconf 88' lang='lat' dir='ltr'>clerici</span> <span class='ocrx_word' id='word_1_262' title='bbox 416 1503 652 1535; x_wconf 86' lang='lat' dir='ltr'>constituuntur</span> <span class='ocrx_word' id='word_1_263' title='bbox 672 1503 854 1535; x_wconf 85' lang='lat' dir='ltr'>Scholastici</span> <span class='ocrx_word' id='word_1_264' title='bbox 875 1503 1056 1545; x_wconf 88' lang='lat' dir='ltr'>approbati;</span> <span class='ocrx_word' id='word_1_265' title='bbox 1079 1507 1155 1535; x_wconf 90' lang='lat' dir='ltr'>tunc</span> <span class='ocrx_word' id='word_1_266' title='bbox 1174 1513 1230 1544; x_wconf 89' lang='lat' dir='ltr'>per</span> 
     </span>
     <span class='ocr_line' id='line_1_39' title="bbox 205 1547 1230 1589; baseline 0 -10"><span class='ocrx_word' id='word_1_267' title='bbox 205 1547 307 1589; x_wconf 89' lang='lat' dir='ltr'>plures</span> <span class='ocrx_word' id='word_1_268' title='bbox 333 1557 431 1579; x_wconf 90' lang='lat' dir='ltr'>annos</span> <span class='ocrx_word' id='word_1_269' title='bbox 458 1547 498 1579; x_wconf 89' lang='lat' dir='ltr'>ad</span> <span class='ocrx_word' id='word_1_270' title='bbox 524 1547 630 1579; x_wconf 89' lang='lat' dir='ltr'>studia</span> <span class='ocrx_word' id='word_1_271' title='bbox 645 1547 807 1587; x_wconf 88' lang='lat' dir='ltr'>litteraria,</span> <span class='ocrx_word' id='word_1_272' title='bbox 834 1548 1059 1589; x_wconf 85' lang='lat' dir='ltr'>philosophica,</span> <span class='ocrx_word' id='word_1_273' title='bbox 1088 1552 1120 1579; x_wconf 90' lang='lat' dir='ltr'>et</span> <span class='ocrx_word' id='word_1_274' title='bbox 1142 1548 1230 1579; x_wconf 90' lang='lat' dir='ltr'>theo-</span> 
     </span>
     <span class='ocr_line' id='line_1_40' title="bbox 204 1591 1230 1634; baseline -0.001 -10"><span class='ocrx_word' id='word_1_275' title='bbox 204 1592 313 1634; x_wconf 89' lang='lat' dir='ltr'>logica,</span> <span class='ocrx_word' id='word_1_276' title='bbox 341 1596 373 1624; x_wconf 89' lang='lat' dir='ltr'>et</span> <span class='ocrx_word' id='word_1_277' title='bbox 398 1591 570 1633; x_wconf 85' lang='lat' dir='ltr'>generatim</span> <span class='ocrx_word' id='word_1_278' title='bbox 598 1592 693 1624; x_wconf 90' lang='lat' dir='ltr'>etiam</span> <span class='ocrx_word' id='word_1_279' title='bbox 721 1592 762 1624; x_wconf 91' lang='lat' dir='ltr'>ad</span> <span class='ocrx_word' id='word_1_280' title='bbox 788 1593 1002 1634; x_wconf 88' lang='lat' dir='ltr'>magisterium</span> <span class='ocrx_word' id='word_1_281' title='bbox 1028 1593 1061 1624; x_wconf 92' lang='lat' dir='ltr'>in</span> <span class='ocrx_word' id='word_1_282' title='bbox 1089 1592 1230 1634; x_wconf 88' lang='lat' dir='ltr'>Collegiis</span> 
     </span>
     <span class='ocr_line' id='line_1_41' title="bbox 205 1636 1231 1678; baseline 0 -10"><span class='ocrx_word' id='word_1_283' title='bbox 205 1636 410 1669; x_wconf 87' lang='lat' dir='ltr'>exercendum</span> <span class='ocrx_word' id='word_1_284' title='bbox 444 1636 650 1678; x_wconf 87' lang='lat' dir='ltr'>applicantur.</span> <span class='ocrx_word' id='word_1_285' title='bbox 708 1637 821 1669; x_wconf 88' lang='lat' dir='ltr'>Finitis</span> <span class='ocrx_word' id='word_1_286' title='bbox 854 1638 966 1669; x_wconf 88' lang='lat' dir='ltr'>studiis</span> <span class='ocrx_word' id='word_1_287' title='bbox 999 1637 1128 1669; x_wconf 89' lang='lat' dir='ltr'>tertium</span> <span class='ocrx_word' id='word_1_288' title='bbox 1160 1646 1231 1678; x_wconf 91' lang='lat' dir='ltr'>pro-</span> 
     </span>
     <span class='ocr_line' id='line_1_42' title="bbox 205 1681 1230 1723; baseline -0.001 -9"><span class='ocrx_word' id='word_1_289' title='bbox 205 1681 340 1714; x_wconf 90' lang='lat' dir='ltr'>bationis</span> <span class='ocrx_word' id='word_1_290' title='bbox 368 1691 486 1713; x_wconf 91' lang='lat' dir='ltr'>annum</span> <span class='ocrx_word' id='word_1_291' title='bbox 515 1684 622 1722; x_wconf 88' lang='lat' dir='ltr'>agunt.</span> <span class='ocrx_word' id='word_1_292' title='bbox 671 1681 814 1723; x_wconf 86' lang='lat' dir='ltr'>Expletis</span> <span class='ocrx_word' id='word_1_293' title='bbox 843 1682 972 1714; x_wconf 87' lang='lat' dir='ltr'>tandem</span> <span class='ocrx_word' id='word_1_294' title='bbox 1000 1681 1165 1714; x_wconf 88' lang='lat' dir='ltr'>Societatis</span> <span class='ocrx_word' id='word_1_295' title='bbox 1194 1691 1230 1713; x_wconf 89' lang='lat' dir='ltr'>ac</span> 
     </span>
     <span class='ocr_line' id='line_1_43' title="bbox 205 1726 1230 1767; baseline 0.001 -10"><span class='ocrx_word' id='word_1_296' title='bbox 205 1736 268 1758; x_wconf 85' lang='lat' dir='ltr'>suae</span> <span class='ocrx_word' id='word_1_297' title='bbox 289 1726 392 1758; x_wconf 82' lang='lat' dir='ltr'>aetatis</span> <span class='ocrx_word' id='word_1_298' title='bbox 414 1726 503 1757; x_wconf 86' lang='lat' dir='ltr'>annis</span> <span class='ocrx_word' id='word_1_299' title='bbox 523 1726 690 1767; x_wconf 88' lang='lat' dir='ltr'>requisitis,</span> <span class='ocrx_word' id='word_1_300' title='bbox 714 1726 883 1758; x_wconf 90' lang='lat' dir='ltr'>dummodo</span> <span class='ocrx_word' id='word_1_301' title='bbox 925 1726 1176 1758; x_wconf 83' lang='lat' dir='ltr'>mediocritatem</span> <span class='ocrx_word' id='word_1_302' title='bbox 1197 1726 1230 1757; x_wconf 92' lang='lat' dir='ltr'>in</span> 
     </span>
     <span class='ocr_line' id='line_1_44' title="bbox 205 1770 1230 1812; baseline 0.001 -10"><span class='ocrx_word' id='word_1_303' title='bbox 205 1770 376 1803; x_wconf 89' lang='lat' dir='ltr'>virtutibus</span> <span class='ocrx_word' id='word_1_304' title='bbox 401 1774 558 1812; x_wconf 85' lang='lat' dir='ltr'>superent,</span> <span class='ocrx_word' id='word_1_305' title='bbox 585 1770 626 1802; x_wconf 89' lang='lat' dir='ltr'>ad</span> <span class='ocrx_word' id='word_1_306' title='bbox 649 1771 781 1812; x_wconf 88' lang='lat' dir='ltr'>gradum</span> <span class='ocrx_word' id='word_1_307' title='bbox 806 1773 1041 1812; x_wconf 81' lang='lat' dir='ltr'>promoventur,</span> <span class='ocrx_word' id='word_1_308' title='bbox 1068 1771 1134 1803; x_wconf 89' lang='lat' dir='ltr'>sive</span> <span class='ocrx_word' id='word_1_309' title='bbox 1156 1771 1230 1803; x_wconf 90' lang='lat' dir='ltr'>Pro-</span> 
     </span>
     <span class='ocr_line' id='line_1_45' title="bbox 205 1815 1231 1858; baseline 0 -11"><span class='ocrx_word' id='word_1_310' title='bbox 205 1815 366 1854; x_wconf 88' lang='lat' dir='ltr'>fessorum,</span> <span class='ocrx_word' id='word_1_311' title='bbox 387 1815 505 1847; x_wconf 89' lang='lat' dir='ltr'>sidona</span> <span class='ocrx_word' id='word_1_312' title='bbox 525 1815 565 1847; x_wconf 88' lang='lat' dir='ltr'>ad</span> <span class='ocrx_word' id='word_1_313' title='bbox 583 1815 667 1847; x_wconf 90' lang='lat' dir='ltr'>hunc</span> <span class='ocrx_word' id='word_1_314' title='bbox 685 1815 817 1857; x_wconf 88' lang='lat' dir='ltr'>gradum</span> <span class='ocrx_word' id='word_1_315' title='bbox 836 1816 987 1858; x_wconf 89' lang='lat' dir='ltr'>requisita</span> <span class='ocrx_word' id='word_1_316' title='bbox 996 1815 1144 1855; x_wconf 85' lang='lat' dir='ltr'>habeant,</span> <span class='ocrx_word' id='word_1_317' title='bbox 1166 1815 1231 1847; x_wconf 90' lang='lat' dir='ltr'>sive</span> 
     </span>
    </p>
   </div>
   <div class='ocr_carea' id='block_1_9' title="bbox 1275 1143 2312 1857">
    <p class='ocr_par' dir='ltr' id='par_1_12' title="bbox 1275 1143 2312 1857">
     <span class='ocr_line' id='line_1_46' title="bbox 1277 1143 2310 1187; baseline -0.001 -9"><span class='ocrx_word' id='word_1_318' title='bbox 1277 1145 1503 1187; x_wconf 76' lang='lat' dir='ltr'>Goadjutorum</span> <span class='ocrx_word' id='word_1_319' title='bbox 1521 1143 1741 1186; x_wconf 87' lang='lat' dir='ltr'>spiritualium.</span> <span class='ocrx_word' id='word_1_320' title='bbox 1793 1144 1929 1177; x_wconf 88' lang='lat' dir='ltr'>Professi</span> <span class='ocrx_word' id='word_1_321' title='bbox 1953 1148 2031 1177; x_wconf 89' lang='lat' dir='ltr'>vota</span> <span class='ocrx_word' id='word_1_322' title='bbox 2055 1144 2206 1177; x_wconf 84' lang='lat' dir='ltr'>solemnia</span> <span class='ocrx_word' id='word_1_323' title='bbox 2230 1154 2310 1177; x_wconf 88' lang='lat' dir='ltr'>nun-</span> 
     </span>
     <span class='ocr_line' id='line_1_47' title="bbox 1276 1188 2310 1232; baseline -0.001 -10"><span class='ocrx_word' id='word_1_324' title='bbox 1276 1194 1404 1232; x_wconf 88' lang='lat' dir='ltr'>cupant,</span> <span class='ocrx_word' id='word_1_325' title='bbox 1429 1190 1530 1222; x_wconf 90' lang='lat' dir='ltr'>tribus</span> <span class='ocrx_word' id='word_1_326' title='bbox 1547 1189 1702 1222; x_wconf 87' lang='lat' dir='ltr'>consuetis</span> <span class='ocrx_word' id='word_1_327' title='bbox 1721 1188 1889 1231; x_wconf 87' lang='lat' dir='ltr'>Religionis</span> <span class='ocrx_word' id='word_1_328' title='bbox 1906 1189 1989 1222; x_wconf 91' lang='lat' dir='ltr'>votis</span> <span class='ocrx_word' id='word_1_329' title='bbox 2014 1189 2138 1222; x_wconf 86' lang='lat' dir='ltr'>addunt</span> <span class='ocrx_word' id='word_1_330' title='bbox 2161 1192 2310 1231; x_wconf 86' lang='lat' dir='ltr'>quartum</span> 
     </span>
     <span class='ocr_line' id='line_1_48' title="bbox 1276 1233 2311 1274; baseline -0.001 -7"><span class='ocrx_word' id='word_1_331' title='bbox 1276 1239 1397 1274; x_wconf 87' lang='lat' dir='ltr'>votum,</span> <span class='ocrx_word' id='word_1_332' title='bbox 1419 1235 1516 1267; x_wconf 91' lang='lat' dir='ltr'>etiam</span> <span class='ocrx_word' id='word_1_333' title='bbox 1536 1234 1682 1273; x_wconf 90' lang='lat' dir='ltr'>solemne,</span> <span class='ocrx_word' id='word_1_334' title='bbox 1704 1234 1890 1266; x_wconf 71' lang='lat' dir='ltr'>obedientiae</span> <span class='ocrx_word' id='word_1_335' title='bbox 1908 1234 2038 1266; x_wconf 90' lang='lat' dir='ltr'>Summo</span> <span class='ocrx_word' id='word_1_336' title='bbox 2057 1233 2207 1266; x_wconf 88' lang='lat' dir='ltr'>Pontifici</span> <span class='ocrx_word' id='word_1_337' title='bbox 2226 1234 2311 1266; x_wconf 86' lang='lat' dir='ltr'>circa</span> 
     </span>
     <span class='ocr_line' id='line_1_49' title="bbox 1275 1278 2310 1320; baseline -0.001 -9"><span class='ocrx_word' id='word_1_338' title='bbox 1275 1279 1446 1319; x_wconf 91' lang='lat' dir='ltr'>Missiones,</span> <span class='ocrx_word' id='word_1_339' title='bbox 1463 1283 1497 1312; x_wconf 89' lang='lat' dir='ltr'>et</span> <span class='ocrx_word' id='word_1_340' title='bbox 1510 1279 1580 1311; x_wconf 91' lang='lat' dir='ltr'>ideo</span> <span class='ocrx_word' id='word_1_341' title='bbox 1595 1279 1743 1311; x_wconf 89' lang='lat' dir='ltr'>dicuntur</span> <span class='ocrx_word' id='word_1_342' title='bbox 1754 1278 1890 1311; x_wconf 85' lang='lat' dir='ltr'>Professi</span> <span class='ocrx_word' id='word_1_343' title='bbox 1905 1282 2042 1320; x_wconf 91' lang='lat' dir='ltr'>quatuor</span> <span class='ocrx_word' id='word_1_344' title='bbox 2055 1281 2217 1318; x_wconf 85' lang='lat' dir='ltr'>votorum;</span> <span class='ocrx_word' id='word_1_345' title='bbox 2232 1288 2310 1320; x_wconf 86' lang='lat' dir='ltr'>prae-</span> 
     </span>
     <span class='ocr_line' id='line_1_50' title="bbox 1276 1323 2310 1365; baseline -0.001 -9"><span class='ocrx_word' id='word_1_346' title='bbox 1276 1328 1362 1356; x_wconf 88' lang='lat' dir='ltr'>terea</span> <span class='ocrx_word' id='word_1_347' title='bbox 1373 1324 1526 1356; x_wconf 88' lang='lat' dir='ltr'>emittunt</span> <span class='ocrx_word' id='word_1_348' title='bbox 1535 1323 1673 1365; x_wconf 90' lang='lat' dir='ltr'>quinque</span> <span class='ocrx_word' id='word_1_349' title='bbox 1684 1323 1746 1355; x_wconf 90' lang='lat' dir='ltr'>alia</span> <span class='ocrx_word' id='word_1_350' title='bbox 1753 1327 1831 1355; x_wconf 87' lang='lat' dir='ltr'>vota</span> <span class='ocrx_word' id='word_1_351' title='bbox 1838 1323 2000 1365; x_wconf 87' lang='lat' dir='ltr'>simplicia,</span> <span class='ocrx_word' id='word_1_352' title='bbox 2009 1332 2078 1365; x_wconf 79' lang='lat' dir='ltr'>quae</span> <span class='ocrx_word' id='word_1_353' title='bbox 2089 1326 2310 1365; x_wconf 86' lang='lat' dir='ltr'>paupertatem</span> 
     </span>
     <span class='ocr_line' id='line_1_51' title="bbox 1276 1367 2311 1409; baseline 0 -9"><span class='ocrx_word' id='word_1_354' title='bbox 1276 1379 1339 1401; x_wconf 92' lang='lat' dir='ltr'>non</span> <span class='ocrx_word' id='word_1_355' title='bbox 1361 1368 1565 1401; x_wconf 87' lang='lat' dir='ltr'>relaxandam</span> <span class='ocrx_word' id='word_1_356' title='bbox 1581 1372 1613 1400; x_wconf 91' lang='lat' dir='ltr'>et</span> <span class='ocrx_word' id='word_1_357' title='bbox 1631 1367 1814 1409; x_wconf 81' lang='lat' dir='ltr'>praelaturas</span> <span class='ocrx_word' id='word_1_358' title='bbox 1832 1371 1986 1409; x_wconf 87' lang='lat' dir='ltr'>spectant.</span> <span class='ocrx_word' id='word_1_359' title='bbox 2018 1367 2081 1399; x_wconf 91' lang='lat' dir='ltr'>Alii</span> <span class='ocrx_word' id='word_1_360' title='bbox 2094 1370 2200 1400; x_wconf 90' lang='lat' dir='ltr'>autem</span> <span class='ocrx_word' id='word_1_361' title='bbox 2211 1377 2311 1400; x_wconf 90' lang='lat' dir='ltr'>sacer-</span> 
     </span>
     <span class='ocr_line' id='line_1_52' title="bbox 1277 1412 2310 1454; baseline -0.001 -9"><span class='ocrx_word' id='word_1_362' title='bbox 1277 1414 1365 1446; x_wconf 90' lang='lat' dir='ltr'>dotes</span> <span class='ocrx_word' id='word_1_363' title='bbox 1386 1417 1463 1445; x_wconf 89' lang='lat' dir='ltr'>vota</span> <span class='ocrx_word' id='word_1_364' title='bbox 1483 1417 1611 1445; x_wconf 90' lang='lat' dir='ltr'>tantum</span> <span class='ocrx_word' id='word_1_365' title='bbox 1631 1412 1785 1454; x_wconf 91' lang='lat' dir='ltr'>simplicia</span> <span class='ocrx_word' id='word_1_366' title='bbox 1805 1412 1967 1452; x_wconf 90' lang='lat' dir='ltr'>emittunt,</span> <span class='ocrx_word' id='word_1_367' title='bbox 1989 1416 2022 1444; x_wconf 90' lang='lat' dir='ltr'>et</span> <span class='ocrx_word' id='word_1_368' title='bbox 2042 1412 2192 1445; x_wconf 92' lang='lat' dir='ltr'>dicuntur</span> <span class='ocrx_word' id='word_1_369' title='bbox 2211 1412 2310 1444; x_wconf 89' lang='lat' dir='ltr'>Coad-</span> 
     </span>
     <span class='ocr_line' id='line_1_53' title="bbox 1275 1456 2308 1500; baseline -0.002 -10"><span class='ocrx_word' id='word_1_370' title='bbox 1275 1458 1394 1499; x_wconf 83' lang='lat' dir='ltr'>jutores</span> <span class='ocrx_word' id='word_1_371' title='bbox 1418 1457 1605 1500; x_wconf 83' lang='lat' dir='ltr'>spirituales.</span> <span class='ocrx_word' id='word_1_372' title='bbox 1650 1456 1757 1499; x_wconf 88' lang='lat' dir='ltr'>Aliqui</span> <span class='ocrx_word' id='word_1_373' title='bbox 1780 1460 1897 1496; x_wconf 89' lang='lat' dir='ltr'>tamen,</span> <span class='ocrx_word' id='word_1_374' title='bbox 1922 1460 2052 1498; x_wconf 90' lang='lat' dir='ltr'>propter</span> <span class='ocrx_word' id='word_1_375' title='bbox 2074 1457 2164 1489; x_wconf 87' lang='lat' dir='ltr'>varia</span> <span class='ocrx_word' id='word_1_376' title='bbox 2185 1456 2308 1496; x_wconf 86' lang='lat' dir='ltr'>merita,</span> 
     </span>
     <span class='ocr_line' id='line_1_54' title="bbox 1277 1501 2310 1543; baseline -0.001 -9"><span class='ocrx_word' id='word_1_377' title='bbox 1277 1503 1317 1534; x_wconf 91' lang='lat' dir='ltr'>ad</span> <span class='ocrx_word' id='word_1_378' title='bbox 1338 1502 1508 1535; x_wconf 89' lang='lat' dir='ltr'>solemnem</span> <span class='ocrx_word' id='word_1_379' title='bbox 1528 1502 1754 1543; x_wconf 82' lang='lat' dir='ltr'>professionem</span> <span class='ocrx_word' id='word_1_380' title='bbox 1776 1501 1873 1534; x_wconf 89' lang='lat' dir='ltr'>trium</span> <span class='ocrx_word' id='word_1_381' title='bbox 1894 1505 2041 1534; x_wconf 90' lang='lat' dir='ltr'>votorum</span> <span class='ocrx_word' id='word_1_382' title='bbox 2064 1501 2235 1543; x_wconf 87' lang='lat' dir='ltr'>Religionis</span> <span class='ocrx_word' id='word_1_383' title='bbox 2256 1501 2310 1533; x_wconf 77' lang='lat' dir='ltr'>ad-</span> 
     </span>
     <span class='ocr_line' id='line_1_55' title="bbox 1276 1545 2311 1588; baseline -0.001 -9"><span class='ocrx_word' id='word_1_384' title='bbox 1276 1547 1458 1580; x_wconf 89' lang='lat' dir='ltr'>mittuntur.</span> <span class='ocrx_word' id='word_1_385' title='bbox 1509 1547 1580 1578; x_wconf 90' lang='lat' dir='ltr'>Non</span> <span class='ocrx_word' id='word_1_386' title='bbox 1608 1550 1715 1578; x_wconf 90' lang='lat' dir='ltr'>tamen</span> <span class='ocrx_word' id='word_1_387' title='bbox 1743 1550 1911 1588; x_wconf 89' lang='lat' dir='ltr'>propterea</span> <span class='ocrx_word' id='word_1_388' title='bbox 1937 1546 2070 1578; x_wconf 90' lang='lat' dir='ltr'>aliorum</span> <span class='ocrx_word' id='word_1_389' title='bbox 2096 1545 2311 1578; x_wconf 83' lang='lat' dir='ltr'>Professorum</span> 
     </span>
     <span class='ocr_line' id='line_1_56' title="bbox 1276 1589 2310 1634; baseline -0.001 -11"><span class='ocrx_word' id='word_1_390' title='bbox 1276 1591 1440 1634; x_wconf 84' lang='lat' dir='ltr'>privilegia</span> <span class='ocrx_word' id='word_1_391' title='bbox 1466 1591 1595 1630; x_wconf 89' lang='lat' dir='ltr'>habent,</span> <span class='ocrx_word' id='word_1_392' title='bbox 1625 1601 1665 1623; x_wconf 86' lang='lat' dir='ltr'>sc.</span> <span class='ocrx_word' id='word_1_393' title='bbox 1695 1594 1732 1622; x_wconf 93' lang='lat' dir='ltr'>ut</span> <span class='ocrx_word' id='word_1_394' title='bbox 1759 1591 1800 1622; x_wconf 92' lang='lat' dir='ltr'>ad</span> <span class='ocrx_word' id='word_1_395' title='bbox 1828 1590 2107 1633; x_wconf 88' lang='lat' dir='ltr'>Congregationem</span> <span class='ocrx_word' id='word_1_396' title='bbox 2134 1589 2310 1632; x_wconf 87' lang='lat' dir='ltr'>generalem</span> 
     </span>
     <span class='ocr_line' id='line_1_57' title="bbox 1278 1634 2312 1678; baseline -0.001 -10"><span class='ocrx_word' id='word_1_397' title='bbox 1278 1640 1334 1668; x_wconf 92' lang='lat' dir='ltr'>aut</span> <span class='ocrx_word' id='word_1_398' title='bbox 1351 1640 1589 1678; x_wconf 88' lang='lat' dir='ltr'>procuratorum</span> <span class='ocrx_word' id='word_1_399' title='bbox 1615 1635 1816 1676; x_wconf 86' lang='lat' dir='ltr'>deputentur,</span> <span class='ocrx_word' id='word_1_400' title='bbox 1843 1645 1945 1677; x_wconf 92' lang='lat' dir='ltr'>neque</span> <span class='ocrx_word' id='word_1_401' title='bbox 1968 1639 2005 1667; x_wconf 93' lang='lat' dir='ltr'>ut</span> <span class='ocrx_word' id='word_1_402' title='bbox 2023 1635 2064 1667; x_wconf 89' lang='lat' dir='ltr'>ad</span> <span class='ocrx_word' id='word_1_403' title='bbox 2081 1634 2188 1677; x_wconf 88' lang='lat' dir='ltr'>aliqua</span> <span class='ocrx_word' id='word_1_404' title='bbox 2206 1634 2312 1667; x_wconf 85' lang='lat' dir='ltr'>officia</span> 
     </span>
     <span class='ocr_line' id='line_1_58' title="bbox 1277 1679 2311 1723; baseline -0.001 -11"><span class='ocrx_word' id='word_1_405' title='bbox 1277 1681 1440 1723; x_wconf 87' lang='lat' dir='ltr'>eligantur.</span> <span class='ocrx_word' id='word_1_406' title='bbox 1469 1700 1508 1703; x_wconf 89' lang='lat'>—</span> <span class='ocrx_word' id='word_1_407' title='bbox 1534 1680 1654 1712; x_wconf 89' lang='lat' dir='ltr'>Eadem</span> <span class='ocrx_word' id='word_1_408' title='bbox 1682 1683 1788 1712; x_wconf 88' lang='lat' dir='ltr'>autem</span> <span class='ocrx_word' id='word_1_409' title='bbox 1815 1684 1863 1712; x_wconf 87' lang='lat' dir='ltr'>est</span> <span class='ocrx_word' id='word_1_410' title='bbox 1889 1680 1964 1712; x_wconf 82' lang='lat' dir='ltr'>vitae</span> <span class='ocrx_word' id='word_1_411' title='bbox 1989 1679 2071 1712; x_wconf 90' lang='lat' dir='ltr'>ratio</span> <span class='ocrx_word' id='word_1_412' title='bbox 2097 1679 2248 1712; x_wconf 88' lang='lat' dir='ltr'>Professis</span> <span class='ocrx_word' id='word_1_413' title='bbox 2275 1689 2311 1712; x_wconf 84' lang='lat' dir='ltr'>ac</span> 
     </span>
     <span class='ocr_line' id='line_1_59' title="bbox 1278 1723 2311 1767; baseline -0.001 -10"><span class='ocrx_word' id='word_1_414' title='bbox 1278 1725 1529 1767; x_wconf 87' lang='lat' dir='ltr'>Coadjutoribus.</span> <span class='ocrx_word' id='word_1_415' title='bbox 1581 1725 1707 1756; x_wconf 88' lang='lat' dir='ltr'>Fratres</span> <span class='ocrx_word' id='word_1_416' title='bbox 1733 1724 1805 1756; x_wconf 89' lang='lat' dir='ltr'>laici</span> <span class='ocrx_word' id='word_1_417' title='bbox 1835 1724 1940 1764; x_wconf 92' lang='lat' dir='ltr'>etiam,</span> <span class='ocrx_word' id='word_1_418' title='bbox 1973 1734 2045 1757; x_wconf 89' lang='lat' dir='ltr'>cum</span> <span class='ocrx_word' id='word_1_419' title='bbox 2074 1724 2227 1766; x_wconf 88' lang='lat' dir='ltr'>requisita</span> <span class='ocrx_word' id='word_1_420' title='bbox 2255 1723 2311 1756; x_wconf 91' lang='lat' dir='ltr'>ha-</span> 
     </span>
     <span class='ocr_line' id='line_1_60' title="bbox 1277 1768 2310 1812; baseline -0.002 -10"><span class='ocrx_word' id='word_1_421' title='bbox 1277 1770 1412 1809; x_wconf 89' lang='lat' dir='ltr'>buerint,</span> <span class='ocrx_word' id='word_1_422' title='bbox 1432 1770 1473 1802; x_wconf 91' lang='lat' dir='ltr'>ad</span> <span class='ocrx_word' id='word_1_423' title='bbox 1480 1770 1612 1812; x_wconf 89' lang='lat' dir='ltr'>gradum</span> <span class='ocrx_word' id='word_1_424' title='bbox 1624 1769 1851 1811; x_wconf 83' lang='lat' dir='ltr'>Coadjutorum</span> <span class='ocrx_word' id='word_1_425' title='bbox 1866 1768 2087 1811; x_wconf 89' lang='lat' dir='ltr'>temporalium</span> <span class='ocrx_word' id='word_1_426' title='bbox 2103 1768 2310 1801; x_wconf 86' lang='lat' dir='ltr'>formatorum</span> 
     </span>
     <span class='ocr_line' id='line_1_61' title="bbox 1276 1818 1515 1857; baseline 0 -10"><span class='ocrx_word' id='word_1_427' title='bbox 1276 1818 1515 1857; x_wconf 89' lang='lat' dir='ltr'>promoventur.</span> 
     </span>
    </p>
   </div>
   <div class='ocr_carea' id='block_1_10' title="bbox 933 1959 1582 2013">
    <p class='ocr_par' dir='ltr' id='par_1_13' title="bbox 933 1959 1582 2013">
     <span class='ocr_line' id='line_1_62' title="bbox 933 1959 1582 2013; baseline -0.003 -11"><span class='ocrx_word' id='word_1_428' title='bbox 933 1963 981 2003; x_wconf 80' lang='grc'>3.</span> <span class='ocrx_word' id='word_1_429' title='bbox 1011 1960 1261 2013; x_wconf 72' lang='lat' dir='ltr'>Regimen</span> <span class='ocrx_word' id='word_1_430' title='bbox 1291 1959 1582 2001; x_wconf 82' lang='lat' dir='ltr'>Societatis.</span> 
     </span>
    </p>
   </div>
   <div class='ocr_carea' id='block_1_11' title="bbox 205 2048 1234 2847">
    <p class='ocr_par' dir='ltr' id='par_1_14' title="bbox 205 2048 1234 2847">
     <span class='ocr_line' id='line_1_63' title="bbox 284 2048 1232 2091; baseline 0.001 -11"><span class='ocrx_word' id='word_1_431' title='bbox 284 2048 437 2090; x_wconf 87' lang='lat' dir='ltr'>Suprema</span> <span class='ocrx_word' id='word_1_432' title='bbox 473 2052 615 2090; x_wconf 89' lang='lat' dir='ltr'>potestas</span> <span class='ocrx_word' id='word_1_433' title='bbox 652 2049 685 2081; x_wconf 91' lang='lat' dir='ltr'>in</span> <span class='ocrx_word' id='word_1_434' title='bbox 723 2049 922 2088; x_wconf 88' lang='lat' dir='ltr'>Societatem,</span> <span class='ocrx_word' id='word_1_435' title='bbox 965 2049 1067 2091; x_wconf 89' lang='lat' dir='ltr'>primo</span> <span class='ocrx_word' id='word_1_436' title='bbox 1105 2052 1232 2082; x_wconf 89' lang='lat' dir='ltr'>Summo</span> 
     </span>
     <span class='ocr_line' id='line_1_64' title="bbox 206 2093 1233 2135; baseline 0 -10"><span class='ocrx_word' id='word_1_437' title='bbox 206 2093 354 2125; x_wconf 90' lang='lat' dir='ltr'>Pontifici</span> <span class='ocrx_word' id='word_1_438' title='bbox 376 2097 413 2125; x_wconf 92' lang='lat' dir='ltr'>ut</span> <span class='ocrx_word' id='word_1_439' title='bbox 434 2097 534 2135; x_wconf 86' lang='lat' dir='ltr'>patet,</span> <span class='ocrx_word' id='word_1_440' title='bbox 559 2093 720 2135; x_wconf 87' lang='lat' dir='ltr'>competit,</span> <span class='ocrx_word' id='word_1_441' title='bbox 745 2094 858 2126; x_wconf 90' lang='lat' dir='ltr'>deinde</span> <span class='ocrx_word' id='word_1_442' title='bbox 880 2096 1114 2132; x_wconf 80' lang='lat' dir='ltr'>congregationi</span> <span class='ocrx_word' id='word_1_443' title='bbox 1134 2096 1233 2126; x_wconf 80' lang='lat' dir='ltr'>Gene-</span> 
     </span>
     <span class='ocr_line' id='line_1_65' title="bbox 205 2137 1230 2180; baseline 0 -10"><span class='ocrx_word' id='word_1_444' title='bbox 205 2140 273 2172; x_wconf 83' lang='lat' dir='ltr'>rali.</span> <span class='ocrx_word' id='word_1_445' title='bbox 309 2137 384 2170; x_wconf 87' lang='lat' dir='ltr'>Haec</span> <span class='ocrx_word' id='word_1_446' title='bbox 402 2138 468 2170; x_wconf 90' lang='lat' dir='ltr'>sola</span> <span class='ocrx_word' id='word_1_447' title='bbox 481 2138 531 2179; x_wconf 82' lang='lat' dir='ltr'>jus</span> <span class='ocrx_word' id='word_1_448' title='bbox 546 2138 643 2170; x_wconf 89' lang='lat' dir='ltr'>habet</span> <span class='ocrx_word' id='word_1_449' title='bbox 656 2138 738 2180; x_wconf 91' lang='lat' dir='ltr'>leges</span> <span class='ocrx_word' id='word_1_450' title='bbox 754 2138 907 2170; x_wconf 89' lang='lat' dir='ltr'>condendi</span> <span class='ocrx_word' id='word_1_451' title='bbox 924 2149 993 2180; x_wconf 83' lang='lat' dir='ltr'>quae</span> <span class='ocrx_word' id='word_1_452' title='bbox 1008 2139 1150 2171; x_wconf 87' lang='lat' dir='ltr'>eamdem</span> <span class='ocrx_word' id='word_1_453' title='bbox 1165 2139 1230 2170; x_wconf 89' lang='lat' dir='ltr'>vim</span> 
     </span>
     <span class='ocr_line' id='line_1_66' title="bbox 206 2182 1233 2225; baseline 0.001 -11"><span class='ocrx_word' id='word_1_454' title='bbox 206 2182 345 2214; x_wconf 89' lang='lat' dir='ltr'>habeant</span> <span class='ocrx_word' id='word_1_455' title='bbox 371 2192 407 2215; x_wconf 91' lang='lat' dir='ltr'>ac</span> <span class='ocrx_word' id='word_1_456' title='bbox 433 2183 508 2224; x_wconf 88' lang='lat' dir='ltr'>ipsae</span> <span class='ocrx_word' id='word_1_457' title='bbox 534 2182 789 2222; x_wconf 89' lang='lat' dir='ltr'>Constitutiones,</span> <span class='ocrx_word' id='word_1_458' title='bbox 818 2193 932 2225; x_wconf 91' lang='lat' dir='ltr'>easque</span> <span class='ocrx_word' id='word_1_459' title='bbox 959 2183 1147 2222; x_wconf 86' lang='lat' dir='ltr'>declarandi,</span> <span class='ocrx_word' id='word_1_460' title='bbox 1165 2193 1233 2214; x_wconf 96' lang='lat' dir='ltr'>mu-</span> 
     </span>
     <span class='ocr_line' id='line_1_67' title="bbox 207 2227 1232 2269; baseline 0.001 -10"><span class='ocrx_word' id='word_1_461' title='bbox 207 2227 297 2259; x_wconf 88' lang='lat' dir='ltr'>tandi</span> <span class='ocrx_word' id='word_1_462' title='bbox 321 2231 377 2259; x_wconf 89' lang='lat' dir='ltr'>aut</span> <span class='ocrx_word' id='word_1_463' title='bbox 401 2227 586 2269; x_wconf 88' lang='lat' dir='ltr'>abrogandi;</span> <span class='ocrx_word' id='word_1_464' title='bbox 610 2227 687 2259; x_wconf 91' lang='lat' dir='ltr'>item</span> <span class='ocrx_word' id='word_1_465' title='bbox 710 2228 871 2260; x_wconf 90' lang='lat' dir='ltr'>statuendi</span> <span class='ocrx_word' id='word_1_466' title='bbox 895 2228 934 2260; x_wconf 92' lang='lat' dir='ltr'>de</span> <span class='ocrx_word' id='word_1_467' title='bbox 956 2228 1049 2260; x_wconf 89' lang='lat' dir='ltr'>rebus</span> <span class='ocrx_word' id='word_1_468' title='bbox 1072 2228 1232 2269; x_wconf 89' lang='lat' dir='ltr'>perpetuis</span> 
     </span>
     <span class='ocr_line' id='line_1_68' title="bbox 207 2272 1233 2314; baseline 0 -11"><span class='ocrx_word' id='word_1_469' title='bbox 207 2275 240 2304; x_wconf 91' lang='lat' dir='ltr'>et</span> <span class='ocrx_word' id='word_1_470' title='bbox 263 2272 370 2313; x_wconf 87' lang='lat' dir='ltr'>magni</span> <span class='ocrx_word' id='word_1_471' title='bbox 394 2272 555 2311; x_wconf 87' lang='lat' dir='ltr'>momenti,</span> <span class='ocrx_word' id='word_1_472' title='bbox 582 2276 619 2304; x_wconf 94' lang='lat' dir='ltr'>ut</span> <span class='ocrx_word' id='word_1_473' title='bbox 644 2276 691 2304; x_wconf 89' lang='lat' dir='ltr'>est</span> <span class='ocrx_word' id='word_1_474' title='bbox 716 2282 746 2304; x_wconf 90' lang='lat' dir='ltr'>v.</span> <span class='ocrx_word' id='word_1_475' title='bbox 772 2282 801 2314; x_wconf 88' lang='lat' dir='ltr'>g.</span> <span class='ocrx_word' id='word_1_476' title='bbox 828 2272 939 2304; x_wconf 90' lang='lat' dir='ltr'>domus</span> <span class='ocrx_word' id='word_1_477' title='bbox 965 2272 1137 2305; x_wconf 89' lang='lat' dir='ltr'>dissolutio.</span> <span class='ocrx_word' id='word_1_478' title='bbox 1184 2272 1233 2304; x_wconf 90' lang='lat' dir='ltr'>Ea</span> 
     </span>
     <span class='ocr_line' id='line_1_69' title="bbox 206 2316 1232 2358; baseline 0.001 -10"><span class='ocrx_word' id='word_1_479' title='bbox 206 2320 357 2357; x_wconf 83' lang='lat' dir='ltr'>praeterea</span> <span class='ocrx_word' id='word_1_480' title='bbox 376 2316 463 2358; x_wconf 90' lang='lat' dir='ltr'>eligit</span> <span class='ocrx_word' id='word_1_481' title='bbox 481 2316 688 2358; x_wconf 79' lang='lat' dir='ltr'>Praepositum</span> <span class='ocrx_word' id='word_1_482' title='bbox 706 2316 899 2356; x_wconf 88' lang='lat' dir='ltr'>Generalem,</span> <span class='ocrx_word' id='word_1_483' title='bbox 917 2317 1107 2349; x_wconf 87' lang='lat' dir='ltr'>Assistentes</span> <span class='ocrx_word' id='word_1_484' title='bbox 1128 2320 1160 2349; x_wconf 91' lang='lat' dir='ltr'>et</span> <span class='ocrx_word' id='word_1_485' title='bbox 1169 2316 1232 2349; x_wconf 92' lang='lat' dir='ltr'>Ad-</span> 
     </span>
     <span class='ocr_line' id='line_1_70' title="bbox 207 2361 1232 2404; baseline 0.001 -12"><span class='ocrx_word' id='word_1_486' title='bbox 207 2361 394 2393; x_wconf 89' lang='lat' dir='ltr'>monitorem</span> <span class='ocrx_word' id='word_1_487' title='bbox 421 2361 585 2402; x_wconf 78' lang='lat' dir='ltr'>Praepositi</span> <span class='ocrx_word' id='word_1_488' title='bbox 613 2361 780 2394; x_wconf 89' lang='lat' dir='ltr'>Generalis.</span> <span class='ocrx_word' id='word_1_489' title='bbox 810 2381 849 2384; x_wconf 97' lang='lat'><strong>—</strong></span> <span class='ocrx_word' id='word_1_490' title='bbox 876 2361 927 2394; x_wconf 92' lang='lat' dir='ltr'>Ad</span> <span class='ocrx_word' id='word_1_491' title='bbox 955 2362 1232 2404; x_wconf 86' lang='lat' dir='ltr'>Congregationem</span> 
     </span>
     <span class='ocr_line' id='line_1_71' title="bbox 208 2405 1233 2447; baseline 0.001 -10"><span class='ocrx_word' id='word_1_492' title='bbox 208 2405 390 2437; x_wconf 88' lang='lat' dir='ltr'>Generalem</span> <span class='ocrx_word' id='word_1_493' title='bbox 408 2405 458 2447; x_wconf 79' lang='lat' dir='ltr'>jus</span> <span class='ocrx_word' id='word_1_494' title='bbox 476 2405 596 2438; x_wconf 90' lang='lat' dir='ltr'>habent</span> <span class='ocrx_word' id='word_1_495' title='bbox 613 2406 709 2438; x_wconf 88' lang='lat' dir='ltr'>Pater</span> <span class='ocrx_word' id='word_1_496' title='bbox 727 2406 886 2438; x_wconf 85' lang='lat' dir='ltr'>Generalis</span> <span class='ocrx_word' id='word_1_497' title='bbox 906 2405 956 2438; x_wconf 90' lang='lat' dir='ltr'>vel</span> <span class='ocrx_word' id='word_1_498' title='bbox 974 2406 1115 2438; x_wconf 88' lang='lat' dir='ltr'>Vicarius</span> <span class='ocrx_word' id='word_1_499' title='bbox 1135 2406 1233 2438; x_wconf 87' lang='lat' dir='ltr'>Gene-</span> 
     </span>
     <span class='ocr_line' id='line_1_72' title="bbox 207 2449 1232 2489; baseline 0.001 -8"><span class='ocrx_word' id='word_1_500' title='bbox 207 2449 290 2489; x_wconf 86' lang='lat' dir='ltr'>ralis,</span> <span class='ocrx_word' id='word_1_501' title='bbox 318 2449 519 2489; x_wconf 85' lang='lat' dir='ltr'>Assistentes,</span> <span class='ocrx_word' id='word_1_502' title='bbox 548 2460 654 2482; x_wconf 92' lang='lat' dir='ltr'>omnes</span> <span class='ocrx_word' id='word_1_503' title='bbox 681 2450 902 2489; x_wconf 89' lang='lat' dir='ltr'>Provinciales,</span> <span class='ocrx_word' id='word_1_504' title='bbox 931 2461 967 2483; x_wconf 91' lang='lat' dir='ltr'>ac</span> <span class='ocrx_word' id='word_1_505' title='bbox 995 2451 1057 2483; x_wconf 92' lang='lat' dir='ltr'>duo</span> <span class='ocrx_word' id='word_1_506' title='bbox 1086 2450 1232 2483; x_wconf 85' lang='lat' dir='ltr'>electores</span> 
     </span>
     <span class='ocr_line' id='line_1_73' title="bbox 208 2494 1233 2537; baseline 0.001 -11"><span class='ocrx_word' id='word_1_507' title='bbox 208 2504 246 2526; x_wconf 88' lang='lat' dir='ltr'>ex</span> <span class='ocrx_word' id='word_1_508' title='bbox 256 2494 383 2536; x_wconf 89' lang='lat' dir='ltr'>singulis</span> <span class='ocrx_word' id='word_1_509' title='bbox 393 2494 571 2535; x_wconf 89' lang='lat' dir='ltr'>provinciis,</span> <span class='ocrx_word' id='word_1_510' title='bbox 584 2495 637 2537; x_wconf 88' lang='lat' dir='ltr'>qui</span> <span class='ocrx_word' id='word_1_511' title='bbox 647 2498 721 2527; x_wconf 87' lang='lat' dir='ltr'>sunt</span> <span class='ocrx_word' id='word_1_512' title='bbox 730 2495 865 2527; x_wconf 88' lang='lat' dir='ltr'>Professi</span> <span class='ocrx_word' id='word_1_513' title='bbox 874 2496 893 2527; x_wconf 88' lang='lat'>4</span> <span class='ocrx_word' id='word_1_514' title='bbox 904 2498 1060 2534; x_wconf 88' lang='lat' dir='ltr'>votorum,</span> <span class='ocrx_word' id='word_1_515' title='bbox 1073 2505 1092 2527; x_wconf 89' lang='lat' dir='ltr'>a</span> <span class='ocrx_word' id='word_1_516' title='bbox 1101 2495 1233 2537; x_wconf 85' lang='lat' dir='ltr'>Congre-</span> 
     </span>
     <span class='ocr_line' id='line_1_74' title="bbox 207 2538 1233 2580; baseline 0.001 -10"><span class='ocrx_word' id='word_1_517' title='bbox 207 2538 385 2580; x_wconf 88' lang='lat' dir='ltr'>gationibus</span> <span class='ocrx_word' id='word_1_518' title='bbox 394 2538 637 2580; x_wconf 90' lang='lat' dir='ltr'>provincialibus</span> <span class='ocrx_word' id='word_1_519' title='bbox 647 2539 737 2571; x_wconf 90' lang='lat' dir='ltr'>electi</span> <span class='ocrx_word' id='word_1_520' title='bbox 747 2543 779 2572; x_wconf 92' lang='lat' dir='ltr'>et</span> <span class='ocrx_word' id='word_1_521' title='bbox 791 2539 885 2572; x_wconf 92' lang='lat' dir='ltr'>missi.</span> <span class='ocrx_word' id='word_1_522' title='bbox 910 2540 987 2572; x_wconf 87' lang='lat' dir='ltr'>Post</span> <span class='ocrx_word' id='word_1_523' title='bbox 997 2540 1179 2572; x_wconf 91' lang='lat' dir='ltr'>electionem</span> <span class='ocrx_word' id='word_1_524' title='bbox 1193 2539 1233 2571; x_wconf 89' lang='lat' dir='ltr'>ad</span> 
     </span>
     <span class='ocr_line' id='line_1_75' title="bbox 208 2583 1233 2625; baseline 0.002 -11"><span class='ocrx_word' id='word_1_525' title='bbox 208 2583 375 2615; x_wconf 87' lang='lat' dir='ltr'>tractanda</span> <span class='ocrx_word' id='word_1_526' title='bbox 391 2583 517 2625; x_wconf 89' lang='lat' dir='ltr'>negotia</span> <span class='ocrx_word' id='word_1_527' title='bbox 535 2584 748 2616; x_wconf 90' lang='lat' dir='ltr'>admittuntur</span> <span class='ocrx_word' id='word_1_528' title='bbox 765 2584 954 2616; x_wconf 90' lang='lat' dir='ltr'>Secretarius</span> <span class='ocrx_word' id='word_1_529' title='bbox 972 2584 1146 2623; x_wconf 89' lang='lat' dir='ltr'>Societatis,</span> <span class='ocrx_word' id='word_1_530' title='bbox 1158 2584 1233 2616; x_wconf 94' lang='lat' dir='ltr'>Pro-</span> 
     </span>
     <span class='ocr_line' id='line_1_76' title="bbox 209 2627 1233 2670; baseline 0.002 -11"><span class='ocrx_word' id='word_1_531' title='bbox 209 2631 334 2659; x_wconf 88' lang='lat' dir='ltr'>curator</span> <span class='ocrx_word' id='word_1_532' title='bbox 347 2627 507 2669; x_wconf 86' lang='lat' dir='ltr'>generalis,</span> <span class='ocrx_word' id='word_1_533' title='bbox 525 2627 640 2670; x_wconf 87' lang='lat' dir='ltr'>aliique</span> <span class='ocrx_word' id='word_1_534' title='bbox 657 2628 711 2670; x_wconf 91' lang='lat' dir='ltr'>qui</span> <span class='ocrx_word' id='word_1_535' title='bbox 725 2628 862 2670; x_wconf 89' lang='lat' dir='ltr'>legitime</span> <span class='ocrx_word' id='word_1_536' title='bbox 878 2629 984 2661; x_wconf 88' lang='lat' dir='ltr'>vocati</span> <span class='ocrx_word' id='word_1_537' title='bbox 999 2629 1125 2661; x_wconf 86' lang='lat' dir='ltr'>fuerint.</span> <span class='ocrx_word' id='word_1_538' title='bbox 1155 2629 1233 2661; x_wconf 90' lang='lat' dir='ltr'>Con-</span> 
     </span>
     <span class='ocr_line' id='line_1_77' title="bbox 207 2671 1233 2713; baseline 0.002 -10"><span class='ocrx_word' id='word_1_539' title='bbox 207 2671 346 2713; x_wconf 88' lang='lat' dir='ltr'>gregatio</span> <span class='ocrx_word' id='word_1_540' title='bbox 354 2672 512 2704; x_wconf 87' lang='lat' dir='ltr'>Generalis</span> <span class='ocrx_word' id='word_1_541' title='bbox 527 2673 698 2705; x_wconf 89' lang='lat' dir='ltr'>necessario</span> <span class='ocrx_word' id='word_1_542' title='bbox 714 2673 917 2705; x_wconf 88' lang='lat' dir='ltr'>convocanda</span> <span class='ocrx_word' id='word_1_543' title='bbox 932 2676 979 2705; x_wconf 85' lang='lat' dir='ltr'>est</span> <span class='ocrx_word' id='word_1_544' title='bbox 994 2673 1035 2705; x_wconf 90' lang='lat' dir='ltr'>ad</span> <span class='ocrx_word' id='word_1_545' title='bbox 1050 2673 1233 2705; x_wconf 91' lang='lat' dir='ltr'>electionem</span> 
     </span>
     <span class='ocr_line' id='line_1_78' title="bbox 209 2716 1234 2760; baseline 0.002 -13"><span class='ocrx_word' id='word_1_546' title='bbox 209 2716 373 2757; x_wconf 87' lang='lat' dir='ltr'>Praepositi</span> <span class='ocrx_word' id='word_1_547' title='bbox 391 2716 564 2755; x_wconf 86' lang='lat' dir='ltr'>Generalis3</span> <span class='ocrx_word' id='word_1_548' title='bbox 602 2717 768 2750; x_wconf 87' lang='lat' dir='ltr'>convocari</span> <span class='ocrx_word' id='word_1_549' title='bbox 787 2718 884 2750; x_wconf 89' lang='lat' dir='ltr'>etiam</span> <span class='ocrx_word' id='word_1_550' title='bbox 903 2721 1010 2760; x_wconf 89' lang='lat' dir='ltr'>potest</span> <span class='ocrx_word' id='word_1_551' title='bbox 1029 2718 1069 2749; x_wconf 91' lang='lat' dir='ltr'>ad</span> <span class='ocrx_word' id='word_1_552' title='bbox 1087 2718 1234 2759; x_wconf 83' lang='lat' dir='ltr'>graviora</span> 
     </span>
     <span class='ocr_line' id='line_1_79' title="bbox 210 2760 1232 2804; baseline 0.002 -12"><span class='ocrx_word' id='word_1_553' title='bbox 210 2760 377 2793; x_wconf 79' lang='lat' dir='ltr'>tractanda</span> <span class='ocrx_word' id='word_1_554' title='bbox 397 2761 531 2802; x_wconf 88' lang='lat' dir='ltr'>negotia,</span> <span class='ocrx_word' id='word_1_555' title='bbox 554 2761 609 2793; x_wconf 90' lang='lat' dir='ltr'>sed</span> <span class='ocrx_word' id='word_1_556' title='bbox 630 2762 685 2794; x_wconf 82' lang='lat' dir='ltr'>vix</span> <span class='ocrx_word' id='word_1_557' title='bbox 705 2762 765 2794; x_wconf 88' lang='lat' dir='ltr'>nisi</span> <span class='ocrx_word' id='word_1_558' title='bbox 787 2762 827 2794; x_wconf 88' lang='lat' dir='ltr'>ad</span> <span class='ocrx_word' id='word_1_559' title='bbox 848 2762 903 2794; x_wconf 89' lang='lat' dir='ltr'>illa</span> <span class='ocrx_word' id='word_1_560' title='bbox 926 2772 994 2804; x_wconf 86' lang='lat' dir='ltr'>quae</span> <span class='ocrx_word' id='word_1_561' title='bbox 1016 2763 1143 2795; x_wconf 89' lang='lat' dir='ltr'>omnino</span> <span class='ocrx_word' id='word_1_562' title='bbox 1165 2762 1232 2804; x_wconf 84' lang='lat' dir='ltr'>ejus</span> 
     </span>
     <span class='ocr_line' id='line_1_80' title="bbox 210 2805 627 2847; baseline 0.005 -10"><span class='ocrx_word' id='word_1_563' title='bbox 210 2805 432 2838; x_wconf 87' lang='lat' dir='ltr'>auctoritatem</span> <span class='ocrx_word' id='word_1_564' title='bbox 454 2805 627 2847; x_wconf 87' lang='lat' dir='ltr'>requirunt.</span> 
     </span>
    </p>
   </div>
   <div class='ocr_carea' id='block_1_12' title="bbox 210 2879 1233 3055">
    <p class='ocr_par' dir='ltr' id='par_1_15' title="bbox 210 2879 1233 3055">
     <span class='ocr_line' id='line_1_81' title="bbox 288 2879 1233 2921; baseline 0.001 -9"><span class='ocrx_word' id='word_1_565' title='bbox 288 2879 422 2921; x_wconf 87' lang='lat' dir='ltr'>Singulis</span> <span class='ocrx_word' id='word_1_566' title='bbox 442 2883 548 2913; x_wconf 89' lang='lat' dir='ltr'>autem</span> <span class='ocrx_word' id='word_1_567' title='bbox 568 2881 708 2913; x_wconf 88' lang='lat' dir='ltr'>trienniis</span> <span class='ocrx_word' id='word_1_568' title='bbox 729 2884 920 2914; x_wconf 89' lang='lat' dir='ltr'>convocatur</span> <span class='ocrx_word' id='word_1_569' title='bbox 938 2883 1138 2919; x_wconf 80' lang='lat' dir='ltr'>congregatio</span> <span class='ocrx_word' id='word_1_570' title='bbox 1158 2883 1233 2913; x_wconf 83' lang='lat' dir='ltr'>Pro-</span> 
     </span>
     <span class='ocr_line' id='line_1_82' title="bbox 210 2926 1232 2967; baseline 0.002 -11"><span class='ocrx_word' id='word_1_571' title='bbox 210 2927 398 2963; x_wconf 73' lang='lat' dir='ltr'>curatorum,</span> <span class='ocrx_word' id='word_1_572' title='bbox 418 2934 488 2966; x_wconf 75' lang='lat' dir='ltr'>quae</span> <span class='ocrx_word' id='word_1_573' title='bbox 507 2929 640 2964; x_wconf 90' lang='lat' dir='ltr'>constat,</span> <span class='ocrx_word' id='word_1_574' title='bbox 671 2929 783 2967; x_wconf 78' lang='lat' dir='ltr'>praeter</span> <span class='ocrx_word' id='word_1_575' title='bbox 810 2926 1018 2967; x_wconf 79' lang='lat' dir='ltr'>Praepositum</span> <span class='ocrx_word' id='word_1_576' title='bbox 1048 2926 1232 2958; x_wconf 88' lang='lat' dir='ltr'>Generalem</span> 
     </span>
     <span class='ocr_line' id='line_1_83' title="bbox 210 2968 1233 3012; baseline 0.002 -12"><span class='ocrx_word' id='word_1_577' title='bbox 210 2972 243 3000; x_wconf 90' lang='lat' dir='ltr'>et</span> <span class='ocrx_word' id='word_1_578' title='bbox 270 2968 468 3008; x_wconf 86' lang='lat' dir='ltr'>Assistentes,</span> <span class='ocrx_word' id='word_1_579' title='bbox 499 2969 659 3011; x_wconf 88' lang='lat' dir='ltr'>deputatis</span> <span class='ocrx_word' id='word_1_580' title='bbox 689 2980 708 3001; x_wconf 89' lang='lat' dir='ltr'>a</span> <span class='ocrx_word' id='word_1_581' title='bbox 735 2970 907 3002; x_wconf 85' lang='lat' dir='ltr'>Provinciis</span> <span class='ocrx_word' id='word_1_582' title='bbox 937 2971 1046 3002; x_wconf 89' lang='lat' dir='ltr'>missis.</span> <span class='ocrx_word' id='word_1_583' title='bbox 1097 2970 1233 3012; x_wconf 68' lang='lat' dir='ltr'>Singula&gt;</span> 
     </span>
     <span class='ocr_line' id='line_1_84' title="bbox 210 3013 1232 3055; baseline 0.002 -11"><span class='ocrx_word' id='word_1_584' title='bbox 210 3013 381 3045; x_wconf 86' lang='lat' dir='ltr'>Provinciae</span> <span class='ocrx_word' id='word_1_585' title='bbox 404 3023 502 3046; x_wconf 90' lang='lat' dir='ltr'>unum</span> <span class='ocrx_word' id='word_1_586' title='bbox 525 3017 767 3055; x_wconf 89' lang='lat' dir='ltr'>procuratorem,</span> <span class='ocrx_word' id='word_1_587' title='bbox 784 3014 962 3047; x_wconf 85' lang='lat' dir='ltr'>Professum</span> <span class='ocrx_word' id='word_1_588' title='bbox 986 3015 1006 3046; x_wconf 86' lang='lat'>4</span> <span class='ocrx_word' id='word_1_589' title='bbox 1029 3017 1175 3047; x_wconf 90' lang='lat' dir='ltr'>votorum</span> <span class='ocrx_word' id='word_1_590' title='bbox 1200 3015 1232 3046; x_wconf 91' lang='lat' dir='ltr'>in</span> 
     </span>
    </p>
   </div>
   <div class='ocr_carea' id='block_1_13' title="bbox 690 3102 751 3136">
    <p class='ocr_par' dir='ltr' id='par_1_16' title="bbox 690 3102 751 3136">
     <span class='ocr_line' id='line_1_85' title="bbox 690 3102 751 3136; baseline 0.033 -2"><span class='ocrx_word' id='word_1_591' title='bbox 690 3102 751 3136; x_wconf 82' lang='lat'>599</span> 
     </span>
    </p>
   </div>
   <div class='ocr_carea' id='block_1_14' title="bbox 1277 2045 2312 2224">
    <p class='ocr_par' dir='ltr' id='par_1_17' title="bbox 1277 2045 2312 2224">
     <span class='ocr_line' id='line_1_86' title="bbox 1278 2045 2311 2090; baseline -0.002 -10"><span class='ocrx_word' id='word_1_592' title='bbox 1278 2048 1523 2090; x_wconf 86' lang='lat' dir='ltr'>Congregatione</span> <span class='ocrx_word' id='word_1_593' title='bbox 1547 2046 1734 2089; x_wconf 90' lang='lat' dir='ltr'>provinciali</span> <span class='ocrx_word' id='word_1_594' title='bbox 1767 2045 1900 2088; x_wconf 90' lang='lat' dir='ltr'>eligunt;</span> <span class='ocrx_word' id='word_1_595' title='bbox 1928 2046 1981 2088; x_wconf 92' lang='lat' dir='ltr'>qui</span> <span class='ocrx_word' id='word_1_596' title='bbox 2005 2056 2053 2078; x_wconf 89' lang='lat' dir='ltr'>res</span> <span class='ocrx_word' id='word_1_597' title='bbox 2077 2045 2247 2087; x_wconf 82' lang='lat' dir='ltr'>provinciae</span> <span class='ocrx_word' id='word_1_598' title='bbox 2271 2045 2311 2078; x_wconf 85' lang='lat' dir='ltr'>ad</span> 
     </span>
     <span class='ocr_line' id='line_1_87' title="bbox 1277 2089 2311 2134; baseline -0.002 -10"><span class='ocrx_word' id='word_1_599' title='bbox 1277 2093 1485 2134; x_wconf 76' lang='lat' dir='ltr'>Praepositum</span> <span class='ocrx_word' id='word_1_600' title='bbox 1517 2091 1700 2124; x_wconf 89' lang='lat' dir='ltr'>Generalem</span> <span class='ocrx_word' id='word_1_601' title='bbox 1733 2091 1869 2130; x_wconf 88' lang='lat' dir='ltr'>deferat,</span> <span class='ocrx_word' id='word_1_602' title='bbox 1903 2094 1935 2123; x_wconf 92' lang='lat' dir='ltr'>et</span> <span class='ocrx_word' id='word_1_603' title='bbox 1966 2101 2037 2123; x_wconf 91' lang='lat' dir='ltr'>cum</span> <span class='ocrx_word' id='word_1_604' title='bbox 2069 2090 2138 2123; x_wconf 89' lang='lat' dir='ltr'>aliis</span> <span class='ocrx_word' id='word_1_605' title='bbox 2168 2090 2202 2122; x_wconf 92' lang='lat' dir='ltr'>in</span> <span class='ocrx_word' id='word_1_606' title='bbox 2233 2089 2311 2122; x_wconf 88' lang='lat' dir='ltr'>Con-</span> 
     </span>
     <span class='ocr_line' id='line_1_88' title="bbox 1277 2134 2312 2179; baseline -0.002 -10"><span class='ocrx_word' id='word_1_607' title='bbox 1277 2137 1457 2179; x_wconf 85' lang='lat' dir='ltr'>gregatione</span> <span class='ocrx_word' id='word_1_608' title='bbox 1480 2136 1665 2169; x_wconf 89' lang='lat' dir='ltr'>coadunatis</span> <span class='ocrx_word' id='word_1_609' title='bbox 1689 2135 1848 2175; x_wconf 90' lang='lat' dir='ltr'>deliberet,</span> <span class='ocrx_word' id='word_1_610' title='bbox 1873 2145 1913 2167; x_wconf 91' lang='lat' dir='ltr'>an</span> <span class='ocrx_word' id='word_1_611' title='bbox 1932 2134 2136 2168; x_wconf 90' lang='lat' dir='ltr'>convocanda</span> <span class='ocrx_word' id='word_1_612' title='bbox 2152 2134 2194 2167; x_wconf 90' lang='lat' dir='ltr'>sit</span> <span class='ocrx_word' id='word_1_613' title='bbox 2215 2144 2312 2167; x_wconf 88' lang='lat' dir='ltr'>necne</span> 
     </span>
     <span class='ocr_line' id='line_1_89' title="bbox 1278 2180 1681 2224; baseline -0.005 -10"><span class='ocrx_word' id='word_1_614' title='bbox 1278 2181 1486 2224; x_wconf 85' lang='lat' dir='ltr'>Congregatio</span> <span class='ocrx_word' id='word_1_615' title='bbox 1512 2180 1681 2213; x_wconf 90' lang='lat' dir='ltr'>Generalis.</span> 
     </span>
    </p>
   </div>
   <div class='ocr_carea' id='block_1_15' title="bbox 1278 2232 2313 2500">
    <p class='ocr_par' dir='ltr' id='par_1_18' title="bbox 1278 2232 2313 2500">
     <span class='ocr_line' id='line_1_90' title="bbox 1358 2232 2311 2275; baseline -0.002 -9"><span class='ocrx_word' id='word_1_616' title='bbox 1358 2236 1546 2273; x_wconf 86' lang='lat' dir='ltr'>Praepositus</span> <span class='ocrx_word' id='word_1_617' title='bbox 1572 2235 1728 2265; x_wconf 82' lang='lat' dir='ltr'>Generalis</span> <span class='ocrx_word' id='word_1_618' title='bbox 1755 2242 1934 2275; x_wconf 88' lang='lat' dir='ltr'>supremam</span> <span class='ocrx_word' id='word_1_619' title='bbox 1962 2236 2085 2265; x_wconf 89' lang='lat' dir='ltr'>exercet</span> <span class='ocrx_word' id='word_1_620' title='bbox 2112 2232 2311 2265; x_wconf 86' lang='lat' dir='ltr'>administra-</span> 
     </span>
     <span class='ocr_line' id='line_1_91' title="bbox 1279 2276 2313 2320; baseline -0.003 -8"><span class='ocrx_word' id='word_1_621' title='bbox 1279 2280 1397 2312; x_wconf 89' lang='lat' dir='ltr'>tionem</span> <span class='ocrx_word' id='word_1_622' title='bbox 1419 2279 1452 2311; x_wconf 91' lang='lat' dir='ltr'>in</span> <span class='ocrx_word' id='word_1_623' title='bbox 1470 2279 1670 2311; x_wconf 87' lang='lat' dir='ltr'>Societatem.</span> <span class='ocrx_word' id='word_1_624' title='bbox 1728 2278 1881 2310; x_wconf 89' lang='lat' dir='ltr'>Attamen</span> <span class='ocrx_word' id='word_1_625' title='bbox 1906 2277 2145 2320; x_wconf 86' lang='lat' dir='ltr'>Congregationi</span> <span class='ocrx_word' id='word_1_626' title='bbox 2168 2276 2313 2310; x_wconf 88' lang='lat' dir='ltr'>Generali</span> 
     </span>
     <span class='ocr_line' id='line_1_92' title="bbox 1279 2321 2312 2366; baseline -0.002 -10"><span class='ocrx_word' id='word_1_627' title='bbox 1279 2324 1439 2366; x_wconf 83' lang='lat' dir='ltr'>subjectus</span> <span class='ocrx_word' id='word_1_628' title='bbox 1465 2327 1526 2362; x_wconf 90' lang='lat' dir='ltr'>est;</span> <span class='ocrx_word' id='word_1_629' title='bbox 1553 2322 1841 2355; x_wconf 88' lang='lat' dir='ltr'>Constitutionibus</span> <span class='ocrx_word' id='word_1_630' title='bbox 1866 2332 1902 2354; x_wconf 91' lang='lat' dir='ltr'>ac</span> <span class='ocrx_word' id='word_1_631' title='bbox 1926 2322 2068 2355; x_wconf 88' lang='lat' dir='ltr'>Decretis</span> <span class='ocrx_word' id='word_1_632' title='bbox 2093 2321 2312 2364; x_wconf 85' lang='lat' dir='ltr'>Congregatio-</span> 
     </span>
     <span class='ocr_line' id='line_1_93' title="bbox 1278 2366 2311 2409; baseline -0.002 -9"><span class='ocrx_word' id='word_1_633' title='bbox 1278 2379 1354 2400; x_wconf 87' lang='lat' dir='ltr'>num</span> <span class='ocrx_word' id='word_1_634' title='bbox 1382 2368 1582 2401; x_wconf 90' lang='lat' dir='ltr'>Generalium</span> <span class='ocrx_word' id='word_1_635' title='bbox 1610 2371 1658 2399; x_wconf 89' lang='lat' dir='ltr'>est</span> <span class='ocrx_word' id='word_1_636' title='bbox 1683 2367 1810 2409; x_wconf 86' lang='lat' dir='ltr'>ligatus,</span> <span class='ocrx_word' id='word_1_637' title='bbox 1840 2376 1910 2409; x_wconf 85' lang='lat' dir='ltr'>quae</span> <span class='ocrx_word' id='word_1_638' title='bbox 1935 2366 2051 2399; x_wconf 91' lang='lat' dir='ltr'>nedum</span> <span class='ocrx_word' id='word_1_639' title='bbox 2078 2366 2228 2408; x_wconf 87' lang='lat' dir='ltr'>abrogare</span> <span class='ocrx_word' id='word_1_640' title='bbox 2254 2369 2311 2398; x_wconf 87' lang='lat' dir='ltr'>aut</span> 
     </span>
     <span class='ocr_line' id='line_1_94' title="bbox 1278 2410 2312 2454; baseline -0.002 -9"><span class='ocrx_word' id='word_1_641' title='bbox 1278 2417 1411 2452; x_wconf 91' lang='lat' dir='ltr'>mutare,</span> <span class='ocrx_word' id='word_1_642' title='bbox 1449 2413 1503 2445; x_wconf 91' lang='lat' dir='ltr'>sed</span> <span class='ocrx_word' id='word_1_643' title='bbox 1539 2422 1640 2454; x_wconf 90' lang='lat' dir='ltr'>neque</span> <span class='ocrx_word' id='word_1_644' title='bbox 1678 2411 1868 2451; x_wconf 82' lang='lat' dir='ltr'>authentice,</span> <span class='ocrx_word' id='word_1_645' title='bbox 1899 2421 2009 2444; x_wconf 91' lang='lat' dir='ltr'>verum</span> <span class='ocrx_word' id='word_1_646' title='bbox 2045 2410 2241 2443; x_wconf 88' lang='lat' dir='ltr'>solummodo</span> <span class='ocrx_word' id='word_1_647' title='bbox 2271 2410 2312 2443; x_wconf 82' lang='lat' dir='ltr'>ad</span> 
     </span>
     <span class='ocr_line' id='line_1_95' title="bbox 1279 2456 2102 2500; baseline -0.002 -10"><span class='ocrx_word' id='word_1_648' title='bbox 1279 2458 1403 2500; x_wconf 86' lang='lat' dir='ltr'>praxim</span> <span class='ocrx_word' id='word_1_649' title='bbox 1428 2457 1518 2489; x_wconf 84' lang='lat' dir='ltr'>bonae</span> <span class='ocrx_word' id='word_1_650' title='bbox 1542 2456 1779 2499; x_wconf 87' lang='lat' dir='ltr'>gubernationis</span> <span class='ocrx_word' id='word_1_651' title='bbox 1805 2456 1962 2489; x_wconf 86' lang='lat' dir='ltr'>declarare</span> <span class='ocrx_word' id='word_1_652' title='bbox 1986 2458 2102 2498; x_wconf 86' lang='lat' dir='ltr'>potest.</span> 
     </span>
    </p>
   </div>
   <div class='ocr_carea' id='block_1_16' title="bbox 1278 2511 2312 2956">
    <p class='ocr_par' dir='ltr' id='par_1_19' title="bbox 1278 2511 2312 2956">
     <span class='ocr_line' id='line_1_96' title="bbox 1360 2511 2310 2556; baseline -0.003 -9"><span class='ocrx_word' id='word_1_653' title='bbox 1360 2515 1425 2556; x_wconf 89' lang='lat' dir='ltr'>Ipsi</span> <span class='ocrx_word' id='word_1_654' title='bbox 1450 2514 1579 2556; x_wconf 88' lang='lat' dir='ltr'>quidem</span> <span class='ocrx_word' id='word_1_655' title='bbox 1603 2513 1726 2555; x_wconf 89' lang='lat' dir='ltr'>regulas</span> <span class='ocrx_word' id='word_1_656' title='bbox 1751 2516 1809 2545; x_wconf 87' lang='lat' dir='ltr'>aut</span> <span class='ocrx_word' id='word_1_657' title='bbox 1834 2513 2046 2545; x_wconf 89' lang='lat' dir='ltr'>ordinationes</span> <span class='ocrx_word' id='word_1_658' title='bbox 2071 2512 2202 2545; x_wconf 85' lang='lat' dir='ltr'>condere</span> <span class='ocrx_word' id='word_1_659' title='bbox 2226 2511 2310 2551; x_wconf 86' lang='lat' dir='ltr'>licet,</span> 
     </span>
     <span class='ocr_line' id='line_1_97' title="bbox 1279 2556 2312 2601; baseline -0.002 -10"><span class='ocrx_word' id='word_1_660' title='bbox 1279 2559 1334 2591; x_wconf 90' lang='lat' dir='ltr'>sed</span> <span class='ocrx_word' id='word_1_661' title='bbox 1358 2569 1427 2601; x_wconf 83' lang='lat' dir='ltr'>quae</span> <span class='ocrx_word' id='word_1_662' title='bbox 1449 2562 1583 2600; x_wconf 87' lang='lat' dir='ltr'>possunt</span> <span class='ocrx_word' id='word_1_663' title='bbox 1607 2558 1646 2590; x_wconf 87' lang='lat' dir='ltr'>ab</span> <span class='ocrx_word' id='word_1_664' title='bbox 1672 2557 1733 2590; x_wconf 88' lang='lat' dir='ltr'>alio</span> <span class='ocrx_word' id='word_1_665' title='bbox 1756 2558 1856 2599; x_wconf 88' lang='lat' dir='ltr'>Praep.</span> <span class='ocrx_word' id='word_1_666' title='bbox 1882 2557 2027 2590; x_wconf 88' lang='lat' dir='ltr'>Generali</span> <span class='ocrx_word' id='word_1_667' title='bbox 2050 2556 2202 2599; x_wconf 88' lang='lat' dir='ltr'>abrogari.</span> <span class='ocrx_word' id='word_1_668' title='bbox 2246 2556 2312 2589; x_wconf 88' lang='lat' dir='ltr'>Eli-</span> 
     </span>
     <span class='ocr_line' id='line_1_98' title="bbox 1278 2600 2311 2645; baseline -0.002 -10"><span class='ocrx_word' id='word_1_669' title='bbox 1278 2604 1364 2645; x_wconf 90' lang='lat' dir='ltr'>gitur</span> <span class='ocrx_word' id='word_1_670' title='bbox 1380 2603 1421 2635; x_wconf 88' lang='lat' dir='ltr'>ad</span> <span class='ocrx_word' id='word_1_671' title='bbox 1438 2603 1549 2636; x_wconf 88' lang='lat' dir='ltr'>vitam.</span> <span class='ocrx_word' id='word_1_672' title='bbox 1589 2602 1627 2634; x_wconf 91' lang='lat' dir='ltr'>In</span> <span class='ocrx_word' id='word_1_673' title='bbox 1644 2612 1699 2634; x_wconf 88' lang='lat' dir='ltr'>suo</span> <span class='ocrx_word' id='word_1_674' title='bbox 1718 2602 1823 2634; x_wconf 88' lang='lat' dir='ltr'>officio</span> <span class='ocrx_word' id='word_1_675' title='bbox 1840 2602 2013 2644; x_wconf 87' lang='lat' dir='ltr'>adjuvatur</span> <span class='ocrx_word' id='word_1_676' title='bbox 2029 2601 2158 2634; x_wconf 90' lang='lat' dir='ltr'>consilio</span> <span class='ocrx_word' id='word_1_677' title='bbox 2173 2601 2236 2634; x_wconf 92' lang='grc' dir='ltr'>ΡΡ.</span> <span class='ocrx_word' id='word_1_678' title='bbox 2253 2600 2311 2633; x_wconf 85' lang='lat' dir='ltr'>As-</span> 
     </span>
     <span class='ocr_line' id='line_1_99' title="bbox 1279 2645 2310 2689; baseline -0.002 -9"><span class='ocrx_word' id='word_1_679' title='bbox 1279 2648 1467 2687; x_wconf 87' lang='lat' dir='ltr'>sistentium‚</span> <span class='ocrx_word' id='word_1_680' title='bbox 1492 2647 1546 2689; x_wconf 89' lang='lat' dir='ltr'>qui</span> <span class='ocrx_word' id='word_1_681' title='bbox 1568 2651 1676 2679; x_wconf 89' lang='lat' dir='ltr'>tamen</span> <span class='ocrx_word' id='word_1_682' title='bbox 1697 2647 1871 2689; x_wconf 85' lang='lat' dir='ltr'>generatim</span> <span class='ocrx_word' id='word_1_683' title='bbox 1893 2657 1956 2679; x_wconf 91' lang='lat' dir='ltr'>non</span> <span class='ocrx_word' id='word_1_684' title='bbox 1977 2646 2098 2678; x_wconf 90' lang='lat' dir='ltr'>habent</span> <span class='ocrx_word' id='word_1_685' title='bbox 2118 2645 2179 2678; x_wconf 92' lang='lat' dir='ltr'>nisi</span> <span class='ocrx_word' id='word_1_686' title='bbox 2200 2655 2310 2678; x_wconf 87' lang='lat' dir='ltr'>vocem</span> 
     </span>
     <span class='ocr_line' id='line_1_100' title="bbox 1279 2689 2311 2733; baseline -0.002 -9"><span class='ocrx_word' id='word_1_687' title='bbox 1279 2692 1533 2725; x_wconf 89' lang='lat' dir='ltr'>consultativam.</span> <span class='ocrx_word' id='word_1_688' title='bbox 1580 2692 1651 2733; x_wconf 91' lang='lat' dir='ltr'>Ipse</span> <span class='ocrx_word' id='word_1_689' title='bbox 1674 2691 1842 2724; x_wconf 87' lang='lat' dir='ltr'>constituit</span> <span class='ocrx_word' id='word_1_690' title='bbox 1862 2691 1962 2733; x_wconf 84' lang='lat' dir='ltr'>Praep.</span> <span class='ocrx_word' id='word_1_691' title='bbox 1986 2690 2207 2730; x_wconf 88' lang='lat' dir='ltr'>Provinciales,</span> <span class='ocrx_word' id='word_1_692' title='bbox 2233 2689 2311 2722; x_wconf 86' lang='lat' dir='ltr'>Rec-</span> 
     </span>
     <span class='ocr_line' id='line_1_101' title="bbox 1280 2734 2307 2778; baseline -0.003 -9"><span class='ocrx_word' id='word_1_693' title='bbox 1280 2740 1362 2769; x_wconf 91' lang='lat' dir='ltr'>tores</span> <span class='ocrx_word' id='word_1_694' title='bbox 1380 2740 1412 2769; x_wconf 92' lang='lat' dir='ltr'>et</span> <span class='ocrx_word' id='word_1_695' title='bbox 1429 2736 1621 2778; x_wconf 85' lang='lat' dir='ltr'>Praepositos</span> <span class='ocrx_word' id='word_1_696' title='bbox 1637 2736 1803 2768; x_wconf 87' lang='lat' dir='ltr'>domorum</span> <span class='ocrx_word' id='word_1_697' title='bbox 1819 2735 2043 2768; x_wconf 87' lang='lat' dir='ltr'>Professarurn.</span> <span class='ocrx_word' id='word_1_698' title='bbox 2071 2734 2149 2776; x_wconf 83' lang='lat' dir='ltr'>Ejus</span> <span class='ocrx_word' id='word_1_699' title='bbox 2165 2737 2307 2776; x_wconf 85' lang='lat' dir='ltr'>potestas</span> 
     </span>
     <span class='ocr_line' id='line_1_102' title="bbox 1279 2778 2309 2823; baseline -0.003 -10"><span class='ocrx_word' id='word_1_700' title='bbox 1279 2791 1363 2813; x_wconf 88' lang='lat' dir='ltr'>nona</span> <span class='ocrx_word' id='word_1_701' title='bbox 1391 2785 1482 2823; x_wconf 89' lang='lat' dir='ltr'>parte</span> <span class='ocrx_word' id='word_1_702' title='bbox 1512 2780 1783 2813; x_wconf 79' lang='lat' dir='ltr'>constitutionum</span> <span class='ocrx_word' id='word_1_703' title='bbox 1813 2780 2050 2813; x_wconf 89' lang='lat' dir='ltr'>determinatur.</span> <span class='ocrx_word' id='word_1_704' title='bbox 2100 2778 2205 2811; x_wconf 86' lang='lat' dir='ltr'>Debet</span> <span class='ocrx_word' id='word_1_705' title='bbox 2235 2781 2309 2811; x_wconf 87' lang='lat' dir='ltr'>ante</span> 
     </span>
     <span class='ocr_line' id='line_1_103' title="bbox 1278 2823 2309 2867; baseline -0.003 -9"><span class='ocrx_word' id='word_1_706' title='bbox 1278 2829 1413 2858; x_wconf 89' lang='lat' dir='ltr'>mortem</span> <span class='ocrx_word' id='word_1_707' title='bbox 1444 2825 1606 2867; x_wconf 88' lang='lat' dir='ltr'>designare</span> <span class='ocrx_word' id='word_1_708' title='bbox 1636 2824 1797 2857; x_wconf 79' lang='lat' dir='ltr'>vicarium</span> <span class='ocrx_word' id='word_1_709' title='bbox 1827 2824 2020 2863; x_wconf 90' lang='lat' dir='ltr'>Generalem,</span> <span class='ocrx_word' id='word_1_710' title='bbox 2053 2823 2107 2865; x_wconf 88' lang='lat' dir='ltr'>qui</span> <span class='ocrx_word' id='word_1_711' title='bbox 2137 2823 2309 2865; x_wconf 83' lang='lat' dir='ltr'>Congrega-</span> 
     </span>
     <span class='ocr_line' id='line_1_104' title="bbox 1278 2867 2310 2912; baseline -0.003 -10"><span class='ocrx_word' id='word_1_712' title='bbox 1278 2870 1397 2902; x_wconf 90' lang='lat' dir='ltr'>tionem</span> <span class='ocrx_word' id='word_1_713' title='bbox 1421 2869 1597 2912; x_wconf 88' lang='lat' dir='ltr'>generalem</span> <span class='ocrx_word' id='word_1_714' title='bbox 1621 2869 1707 2901; x_wconf 89' lang='lat' dir='ltr'>intra</span> <span class='ocrx_word' id='word_1_715' title='bbox 1732 2879 1786 2901; x_wconf 87' lang='lat' dir='ltr'>sex</span> <span class='ocrx_word' id='word_1_716' title='bbox 1810 2879 1932 2901; x_wconf 89' lang='lat' dir='ltr'>menses</span> <span class='ocrx_word' id='word_1_717' title='bbox 1957 2871 2120 2906; x_wconf 90' lang='lat' dir='ltr'>convocet,</span> <span class='ocrx_word' id='word_1_718' title='bbox 2147 2877 2184 2900; x_wconf 85' lang='lat' dir='ltr'>ac</span> <span class='ocrx_word' id='word_1_719' title='bbox 2207 2867 2310 2899; x_wconf 87' lang='lat' dir='ltr'>Socie-</span> 
     </span>
     <span class='ocr_line' id='line_1_105' title="bbox 1278 2911 2181 2956; baseline -0.002 -9"><span class='ocrx_word' id='word_1_720' title='bbox 1278 2918 1377 2947; x_wconf 88' lang='lat' dir='ltr'>tatem</span> <span class='ocrx_word' id='word_1_721' title='bbox 1401 2918 1490 2956; x_wconf 87' lang='lat' dir='ltr'>regat</span> <span class='ocrx_word' id='word_1_722' title='bbox 1514 2924 1614 2955; x_wconf 92' lang='lat' dir='ltr'>usque</span> <span class='ocrx_word' id='word_1_723' title='bbox 1639 2913 1680 2945; x_wconf 89' lang='lat' dir='ltr'>ad</span> <span class='ocrx_word' id='word_1_724' title='bbox 1704 2913 1889 2946; x_wconf 88' lang='lat' dir='ltr'>electionem</span> <span class='ocrx_word' id='word_1_725' title='bbox 1913 2913 1988 2945; x_wconf 89' lang='lat' dir='ltr'>novi</span> <span class='ocrx_word' id='word_1_726' title='bbox 2012 2911 2181 2945; x_wconf 88' lang='lat' dir='ltr'>Generalis.</span> 
     </span>
    </p>
   </div>
   <div class='ocr_carea' id='block_1_17' title="bbox 1277 2968 2309 3057">
    <p class='ocr_par' dir='ltr' id='par_1_20' title="bbox 1277 2968 2309 3057">
     <span class='ocr_line' id='line_1_106' title="bbox 1356 2968 2309 3003; baseline -0.003 0"><span class='ocrx_word' id='word_1_727' title='bbox 1356 2971 1494 3003; x_wconf 90' lang='lat' dir='ltr'>Societas</span> <span class='ocrx_word' id='word_1_728' title='bbox 1511 2971 1544 3003; x_wconf 91' lang='lat' dir='ltr'>in</span> <span class='ocrx_word' id='word_1_729' title='bbox 1561 2970 1765 3003; x_wconf 87' lang='lat' dir='ltr'>Assistentias</span> <span class='ocrx_word' id='word_1_730' title='bbox 1784 2973 1816 3002; x_wconf 89' lang='lat' dir='ltr'>et</span> <span class='ocrx_word' id='word_1_731' title='bbox 1833 2969 2016 3001; x_wconf 88' lang='lat' dir='ltr'>Provincias</span> <span class='ocrx_word' id='word_1_732' title='bbox 2035 2968 2197 3001; x_wconf 88' lang='lat' dir='ltr'>dividitur.</span> <span class='ocrx_word' id='word_1_733' title='bbox 2217 2968 2309 3000; x_wconf 89' lang='lat' dir='ltr'>Nunc</span> 
     </span>
     <span class='ocr_line' id='line_1_107' title="bbox 1277 3013 2027 3057; baseline -0.003 -10"><span class='ocrx_word' id='word_1_734' title='bbox 1277 3015 1414 3057; x_wconf 91' lang='lat' dir='ltr'>quinque</span> <span class='ocrx_word' id='word_1_735' title='bbox 1432 3019 1506 3047; x_wconf 89' lang='lat' dir='ltr'>sunt</span> <span class='ocrx_word' id='word_1_736' title='bbox 1522 3015 1721 3048; x_wconf 85' lang='lat' dir='ltr'>Assistentiae</span> <span class='ocrx_word' id='word_1_737' title='bbox 1738 3017 1770 3047; x_wconf 90' lang='lat' dir='ltr'>et</span> <span class='ocrx_word' id='word_1_738' title='bbox 1787 3015 1826 3046; x_wconf 81' lang='lat'>27</span> <span class='ocrx_word' id='word_1_739' title='bbox 1842 3013 2027 3046; x_wconf 87' lang='lat' dir='ltr'>Provinciae.</span> 
     </span>
    </p>
   </div>
   <div class='ocr_carea' id='block_1_18' title="bbox 1767 3103 1827 3136">
    <p class='ocr_par' dir='ltr' id='par_1_21' title="bbox 1767 3103 1827 3136">
     <span class='ocr_line' id='line_1_108' title="bbox 1767 3103 1827 3136; baseline 0 -1"><span class='ocrx_word' id='word_1_740' title='bbox 1767 3103 1827 3136; x_wconf 89' lang='grc'>600</span> 
     </span>
    </p>
   </div>
  </div>
 </body>
</html>
