2372 3550
99 314 257 350 Hispania,
278 313 435 342 Lusitania

581 313 755 348 Germania,
777 313 917 348 Belgium

1100 313 1222 349 Anglia‚
1243 314 1370 343 Polonia

1650 314 1810 343 Missiones
1831 314 1948 344 exterae

31 441 108 472 1677
136 440 247 472 Petrus
278 439 319 471 ΙΙ.
350 439 491 480 deposito

49 485 145 516 fratre
156 484 315 525 Alphonso
323 483 377 516 VI.
386 484 491 525 (1667)

49 538 165 578 regens
190 528 268 560 1683
291 537 346 559 rex
369 528 492 559 Lusita-

50 573 117 611 3136,
149 572 292 603 nominat
328 572 416 603 Emm
419 582 493 603 anu-

49 616 342 648 ezemFernandezs.
357 616 494 648 ζ[1116111-

49 661 139 692 brum
176 661 309 692 Senatus
347 660 489 702 (Cortes).

48 705 92 736 At
104 705 163 743 hic,
179 715 249 736 cum
263 705 421 736 Generalis
434 705 491 736 mi-

48 753 175 781 naretur
199 749 410 787 interdictum,
438 749 491 781 ab·

48 793 153 825 dicata
182 793 334 834 dignitate
369 775 492 825 seiiato-

47 837 94 869 ria
118 838 281 879 perstabat
305 838 338 869 in
364 848 490 870 munere

49 882 227 913 confessarii
261 882 336 923 regii
372 882 405 924 (†
440 883 489 914 16.

48 926 121 958 Jun.
145 926 244 967 1693).

27 1813 104 1845 1678
124 1824 169 1855 sq.
194 1813 330 1855 Thyrsus
347 1814 489 1846 Gonzalez

46 1867 109 1889 non
133 1858 287 1890 cohibitus
312 1859 488 1891 academico

46 1912 101 1934 suo
116 1912 212 1952 penso
227 1903 260 1934 in
275 1904 307 1935 C.
322 1903 490 1935 Salmanti-

525 661 610 692 1682.
630 661 677 693 25.
696 661 788 693 Mart.
807 661 976 692 Ferdinan-

544 705 611 743 dus,
624 705 698 736 baro
709 705 747 737 de
756 705 782 736 F
784 706 976 746 urstenberg

543 749 716 790 Episcopus
744 750 976 781 Paderbornen·

544 793 584 825 sis
595 798 626 825 et
635 794 895 832 Monasteriensis,
906 794 976 825 fun-

544 838 600 869 dat
617 839 654 869 15
670 838 830 870 missiones
847 839 876 870 S.
895 838 924 870 J.
942 839 974 869 in

543 882 634 921 Sinis
650 883 794 924 Japonia,
810 883 975 924 Norvegia

543 927 568 957 F
570 927 726 965 ridericiae
748 927 976 968 Fridericopoli,

544 953 748 1010 Gliickstadii
791 971 975 1013 Hamburgi⁷

544 1015 673 1054 Bremae,
684 1016 813 1057 Meppae,
824 1016 980 1047 Monaste-

543 1060 581 1091 rii
607 1060 647 1091 ad
673 1060 818 1101 Alpham‚
848 1060 976 1091 Hanno-

543 1114 624 1135 verae
637 1108 668 1136 et
681 1114 736 1145 per
748 1105 936 1136 Saxoniam
929 1115 975 1136 13-

543 1148 694 1187 1611016111,
716 1149 907 1190 Arnsbergae,
930 1149 976 1181 Si—

541 1202 636 1233 genae,
658 1174 907 1225 Han11neliae²³⁷ad
923 1193 975 1225 Vi-

543 1247 651 1275 3613111,
690 1238 896 1269 Paderbornae
935 1238 974 1269 ad

542 1263 674 1322 Lupiain
725 1286 757 1314 et
805 1282 972 1314 Alisonem.

541 1325 722 1368 Assignavit
740 1327 873 1367 capitale
892 1327 974 1359 dale-

542 1380 645 1402 rorum
653 1371 859 1412 imperialium
866 1372 913 1403 93.
917 1372 985 1410 920,

542 1425 580 1446 ex
598 1415 710 1456 quibus
726 1416 808 1447 inter
824 1415 886 1448 alia
901 1426 976 1457 pen-

542 1460 586 1490 sio
600 1470 706 1491 annua
718 1460 845 1492 daretur
857 1460 975 1492 dalero-

542 1513 610 1535 rum
655 1504 734 1535 4250
776 1505 976 1536 missionariis

542 1548 590 1580 35.
620 1567 659 1571 —
687 1549 796 1591 Congr.
825 1549 976 1591 generalis

542 1592 618 1625 XII.
656 1593 736 1625 decr.
774 1595 821 1626 27.
857 1595 974 1636 gratias

543 1637 606 1679 egit
628 1647 721 1679 quam
744 1638 906 1670 maximas.

46 1947 139 1986 censi,
170 1947 318 1989 Segoviae,
349 1948 490 1979 Mirobri-
524 1949 600 1980 1683
629 1948 748 1980 Τ1116161
776 1949 848 1980 belli
876 1953 975 1981 metu-

45 2001 92 2032 gae
108 1995 141 2023 et
157 1991 231 2023 alibi
247 1992 385 2024 maximo
403 1993 490 2033 spiri-

46 2039 97 2067 tus
111 2036 219 2068 ardore
232 2036 391 2068 missiones
404 2037 488 2069 fecit.

239 3101 297 3134 238

543 1993 624 2025 63(13
653 1993 768 2025 vicinia
797 1993 912 2025 incolas
944 1996 976 2026 C.

542 2037 789 2078 Inqolstadie‘nsis
806 2042 839 2070 et
855 2038 974 2070 sodales

543 2082 583 2113 ad
623 2082 729 2114 studia
768 2083 870 2114 Deum
909 2083 976 2124 pla—

543 2126 634 2158 candi
646 2137 744 2168 magis
756 2127 891 2168 impuht
916 2128 976 2159 Per

543 2171 664 2212 aliquot
700 2181 820 2203 menses
858 2171 905 2203 bis
943 2172 975 2203 in

542 2215 741 2247 hebdomada
780 2226 884 2248 coram
925 2227 976 2248 6Χ-

542 2260 645 2310 posito
674 2260 875 2293 Sacramento
904 2260 976 2293 lita-

543 2304 602 2336 niae
618 2304 788 2337 lauretanae
805 2305 977 2337 cantaban-

544 2352 609 2387 tur;
631 2349 751 2381 sodales
773 2359 845 2381 vero
866 2350 899 2381 in
920 2360 975 2382 suo

543 2393 654 2425 sacello
676 2393 781 2426 officia
801 2394 910 2426 divina
930 2404 979 2426 so-

543 2437 658 2470 lemnia
678 2448 734 2479 pro
756 2438 837 2471 felici
859 2449 978 2471 succes-

544 2492 580 2513 su
621 2482 827 2524 expeditionis
868 2487 977 2515 contra

544 2526 659 2558 Turcos
673 2531 869 2560 curaverunt.
906 2528 976 2569 Ipse

543 2570 682 2610 Mersius,
712 2572 846 2614 praesidii
876 2572 978 2614 Ingol-

545 2615 708 2648 stadiensis
736 2616 978 2655 Commandans,

545 2669 616 2691 cum
639 2660 679 2692 ad
701 2664 804 2693 castra
825 2664 977 2711 pergeret,

546 2707 674 2736 cantato
683 2704 728 2736 ibi
738 2715 824 2737 sacro
834 2705 982 2737 interesse

545 2748 647 2780 voluit
669 2759 739 2781 cum
762 2760 819 2781 sua
840 2750 968 2791 legione

724 3103 783 3136 239

1010 882 1086 913 1683
1131 883 1256 913 carolus
1299 885 1461 914 Mauritius

1029 928 1107 957 Vota
1132 927 1283 958 mandato
1312 927 1461 959 Innocen-

1029 970 1065 1002 tii
1079 971 1136 1002 XI.
1152 971 1173 1002 J
1175 980 1307 1003 oannem
1320 972 1461 1003 Sobieski

1028 1025 1130 1056 regem
1147 1015 1284 1047 Poloniae
1299 1021 1461 1057 permovet

1029 1059 1069 1090 ad
1096 1059 1197 1091 foedus
1225 1071 1295 1091 cum
1324 1061 1461 1102 Impera-

1029 1108 1094 1135 tore
1110 1108 1220 1136 contra
1235 1105 1359 1143 Turoos,
1376 1115 1461 1136 eum-

1029 1158 1088 1189 que
1116 1153 1152 1180 ut
1180 1149 1383 1181 confessarius
1412 1160 1461 1181 co-

1028 1193 1202 1224 mitabatur
1230 1197 1261 1225 et
1290 1194 1368 1225 1696
1397 1204 1461 1226 mo-

1027 1237 1119 1268 rienti
1137 1238 1249 1269 astitit.
1283 1239 1361 1269 1684
1377 1238 1462 1270 llos-

1028 1292 1115 1313 633711
1145 1282 1303 1332 profectus
1335 1283 1462 1314 domum

1028 1326 1058 1358 S.
1076 1326 1106 1358 J.
1126 1326 1249 1367 aperuit
1264 1327 1283 1358 5
1300 1327 1389 1359 annis
1407 1327 1462 1359 du-

1028 1375 1178 1403 raturam
1230 1372 1307 1403 1710
1335 1372 1463 1404 reverti-

1030 1419 1081 1446 tur
1100 1416 1232 1447 Romam
1251 1420 1282 1447 et
1299 1416 1318 1457 †
1336 1417 1363 1448 9.
1384 1417 1460 1448 Dec

1030 1460 1117 1492 1715.

1010 1949 1086 1980 1683
1129 1949 1287 1981 Cameneci
1328 1950 1462 1988 Jesuita,

1029 1994 1082 2035 qui
1102 1993 1295 2035 aliquamdiu
1315 1994 1409 2026 libere
1429 1995 1461 2026 in

1030 2038 1145 2079 templo
1183 2038 1359 2070 christianis
1396 2049 1463 2081 per-

1029 2082 1132 2121 misso,
1173 2087 1370 2115 sacramenta
1409 2084 1463 2115 ad-

1029 2127 1272 2166 ministraverat,
1300 2127 1417 2169 templo
1444 2138 1464 2160 a

1029 2171 1169 2204 barbaris
1196 2172 1310 2210 clauso,
1338 2172 1464 2214 squalli-

1030 2216 1105 2248 dum
1125 2226 1277 2249 carcerem
1298 2221 1330 2248 et
1348 2218 1462 2249 ferreas

1030 2265 1157 2293 catenas
1173 2261 1312 2303 pertulit.

1012 2661 1089 2692 1685
1122 2660 1289 2693 Brestewzsis
1320 2662 1352 2693 C.
1383 2661 1467 2692 Socii

1030 2705 1181 2747 populum
1236 2705 1276 2737 ob
1331 2706 1464 2737 occisam

1030 2749 1166 2791 puellam
1198 2750 1400 2782 christianam
1430 2750 1464 2781 in

1031 2794 1157 2826 Judaeos
1168 2794 1336 2833 irritatum,
1350 2794 1463 2826 acaede

1031 2848 1137 2871 eorum
1170 2842 1203 2871 et
1235 2839 1374 2871 tumultu
1406 2839 1464 2870 im-

1031 2883 1172 2924 pediunt.

1208 3105 1267 3138 240

1578 440 1639 481 (De
1661 440 1811 472 obsidione
1834 441 2024 482 Vzennensi.)

1494 529 1580 561 Tunc
1601 529 1696 561 etiam
1716 529 1844 561 Jesuitis
1864 529 1982 561 bonum
2002 540 2115 562 nornen

1514 574 1553 605 ab
1570 574 1712 605 omnibus
1728 574 1910 606 restitutum
1927 578 1974 606 est
2002 579 2033 606 et
2047 585 2116 616 gra-

1514 619 1565 649 tiae
1582 618 1656 659 ipsis
1675 623 1761 656 actae,
1781 618 1932 659 imprimis
1951 618 1990 650 ab
2010 628 2116 650 eorum

1513 667 1663 703 perpetuo
1705 644 1902 694 benefactore
1944 663 2057 695 comite
2099 674 2117 694 a

1513 707 1708 756 Starenberg
1744 707 1829 738 urbis
1864 708 2116 745 commandante,

1514 751 1563 783 6111
1582 751 1740 783 Generalis
1758 751 2031 792 participationem
2053 762 2117 783 om-

1513 795 1599 827 nium
1622 796 1803 827 meritorum
1826 796 1856 828 S
1881 796 1910 828 J.
1947 797 2117 828 communi-

1514 840 1607 871 cavit.

1494 892 1555 924 Sed
1576 896 1649 924 ante
1671 892 1775 923 onmia
1798 892 1924 924 Viennae
1945 896 1977 924 et
1997 892 2093 924 31113
2085 904 2117 924 111

1514 936 1588 968 10613
1630 937 1783 968 Dominus
1826 937 2018 969 exercituum
2061 948 2117 979 pro

1515 990 1659 1012 concessa
1682 981 1813 1012 victoria
1835 981 1981 1013 laudatus
2006 982 2076 1014 fuit.

1495 1034 1640 1066 Jacturas
1660 1044 1722 1065 non
1742 1033 1824 1066 leves
1845 1034 1903 1066 hoc
1924 1034 2004 1066 bello
2026 1045 2119 1076 passa

1515 1083 1588 1110 sunt
1630 1078 2117 1119 0.Cren1bsense,Lincense‚

1514 1105 1960 1164 Jaurinense‚Sopronie1ise,
2000 1124 2118 1165 Tyrna-

1515 1168 1627 1199 viense.
1672 1167 1863 1199 Gravissima
1885 1172 1991 1199 autern
2015 1168 2118 1200 clades

1516 1211 1631 1243 afflixit
1653 1211 1736 1243 bona
1757 1213 1788 1244 C.
1814 1212 2005 1251 Vimmensis,
2029 1213 2119 1254 cujus

1516 1256 1632 1287 damna
1681 1256 1837 1288 aestimata
1898 1262 1973 1288 sunt
2023 1257 2119 1298 pluris

1516 1301 1574 1331 100
1586 1301 1644 1332 000
1668 1301 1866 1339 florenorum,
1892 1311 1962 1333 cum
1987 1301 2121 1334 &edificia

1515 1345 1632 1376 fuerint
1663 1345 1832 1383 destructa,
1877 1345 1994 1386 praedia
2025 1346 2119 1378 deva-

1516 1393 1610 1428 stata,
1638 1389 1700 1421 fere
1727 1390 1832 1421 omnia
1857 1390 1985 1422 mobilia
2012 1391 2120 1423 ablata

1516 1438 1572 1466 aut
1595 1434 1665 1475 igne
1690 1434 1740 1466 vel
1764 1435 1857 1466 armis
1882 1434 2038 1467 absumta.

1498 1816 1573 1847 1681
1598 1815 1798 1847 Innocentius
1820 1814 1878 1847 XI.
1900 1814 2011 1847 laudat
2030 1820 2121 1858 gesta

1518 1861 1699 1891 Ferdinandi
1739 1860 1885 1892 Verbiest.
1950 1860 2010 1898 Qui
2050 1861 2121 1892 fun-

1517 1904 1618 1936 dendo
1656 1903 1766 1936 bellica
1802 1908 1959 1936 tormenta
1995 1905 2121 1946 adjuvit

1519 1949 1623 1991 Kang-
1612 1948 1677 1986 -Hi‚
1705 1952 1741 1980 ut
1768 1948 1914 1980 vinceret.
1936 1949 1986 1981 Jo.
2010 1950 2118 1982 Frarw

1516 1993 1666 2025 Gerbz'llon
1699 1996 1730 2024 et
1767 1992 1871 2025 Thom.
1904 1993 2029 2025 Pereira
2066 2004 2121 2035 pa-

1518 2048 1584 2070 cem
1611 2048 1681 2070 cum
1708 2037 1821 2069 Russia
1847 2043 2040 2079 componunt
2067 2048 2119 2080 op-

1517 2087 1695 2124 portunam.

1774 3103 1832 3136 241
