2372 3550
837 293 954 322 Summi
974 293 1150 329 Pontifices,

299 314 436 344 Historia
457 314 714 351 contemporanea
822 337 949 367 Litterae
970 338 1159 373 Apostolieae

1269 264 1313 272 --

1234 294 1397 330 Praepositi
1418 278 1455 324 et
1469 294 1724 330 congregationes

1396 339 1559 369 Generales

1933 318 2033 354 Italia,
2053 318 2152 348 Gallia

230 485 307 518 1600
326 486 435 518 Annus
456 486 478 518 J
478 486 590 519 ubilaei.

229 620 315 651 1600.
348 619 422 652 Feb.
456 620 612 652 Jordanus
646 620 768 652 Brunus
805 620 891 652 1602.
918 620 965 652 30.
992 620 1071 662 Aug.
1099 621 1177 653 Cum

248 668 404 696 crematur
442 665 550 696 Romae
586 665 620 696 in
659 675 768 706 eampo
823 665 899 696 sicut
913 665 1010 697 nobis:
1024 669 1177 696 extenditur

247 708 370 741 florum,
826 710 946 742 potestas
971 709 1088 743 erigendi
1110 710 1176 736 Con-

826 744 992 778 gregationes
1025 746 1107 772 etiam
1142 746 1176 772 ad

828 779 1005 806 Residentias.

803 1039 889 1071 1603.
911 1040 957 1072 17.
977 1039 1070 1072 Mart.
1088 1041 1175 1079 Quae-

821 1094 955 1124 eumque:
964 1087 1115 1122 Explicatio
1123 1088 1175 1115 Ka-

820 1127 932 1154 lendarii
936 1128 1089 1162 Gregoriani
1095 1137 1112 1155 a
1117 1129 1176 1156 Chr.

825 1163 916 1189 Clavio
938 1164 963 1190 S.
981 1164 1007 1190 J.
1032 1164 1106 1191 edita
1128 1173 1175 1199 ap-

824 1199 962 1233 probatur,
976 1202 1065 1226 cetera
1076 1200 1175 1227 Kalen-

824 1234 900 1261 daria
943 1235 1006 1262 huic
1043 1237 1178 1263 contraria

825 1270 997 1305 abrogantur.

227 1198 303 1230 1601
321 1198 516 1240 Colloquium
533 1199 687 1241 religionis
706 1200 766 1232 Ra-

245 1242 431 1275 tisbonense.

802 1530 888 1562 1604.
904 1530 950 1562 20.
963 1530 1054 1563 Febr.
1068 1531 1119 1562 Ad
1131 1541 1185 1563 au-

820 1574 957 1615 qendam:
968 1578 1082 1606 Petente
1088 1578 1175 1606 Olive-

824 1618 863 1644 n'o
875 1618 1018 1651 Manatum,
1030 1620 1063 1645 ut
1076 1619 1104 1645 in
1115 1619 1175 1646 Bel-

824 1654 867 1688 gio
876 1656 1067 1689 promoveatur
1074 1655 1174 1690 religio,

824 1690 948 1717 omnibus
958 1690 1005 1725 qui
1015 1691 1176 1717 catechismo

824 1726 955 1752 assistunt
991 1728 1019 1753 et
1049 1727 1175 1761 parvulos

825 1761 973 1794 continent,
988 1762 1118 1795 alliciunt,
1131 1763 1175 1789 vel

824 1797 876 1831 ipsi
914 1797 1060 1830 instruunt,
1093 1798 1175 1825 toties

824 1833 929 1867 quoties
941 1833 1110 1869 indulgentia
1125 1834 1175 1861 100

824 1868 928 1895 dierum
946 1870 1110 1897 conceditur.

225 1956 314 1997 Ami.
342 1956 479 1989 Jacobus
506 1956 530 1990 Ι.
561 1957 765 1990 1603-1625,

802 2128 888 2160 1604.
905 2128 933 2160 8.
949 2128 1024 2169 Apr.
1044 2128 1173 2161 Goezesti-

821 2182 886 2204 um:
903 2175 1044 2211 Religiosis
1059 2176 1086 2203 S.-
1102 2177 1128 2203 J.
1145 2177 1174 2203 in

824 2215 942 2243 diversas
960 2218 1050 2251 partes
1065 2217 1174 2244 mitten-

824 2251 865 2277 dis
883 2254 911 2278 et
928 2252 1053 2279 fidelibus
1078 2253 1112 2279 ad
1130 2261 1174 2280 eos

824 2287 1012 2314 accedentibus
1038 2296 1093 2315 una
1116 2289 1175 2315 vice

824 2323 973 2365 apostolica
983 2323 1134 2351 benedictio
1148 2326 1176 2366 et

823 2358 992 2464 attat
1000 2395 1047 2430 ...1
1055 2360 1175 2430 tta?

825 2438 866 2456 en.

227 2845 314 2878 1605.
347 2845 396 2877 13.
430 2844 500 2878 Oct.
535 2845 555 2887 †
587 2846 766 2878 Theodorus
802 2849 881 2879 1605
891 2849 952 2879 Leo
962 2847 1182 2890 XI.†27.Apr.

246 2889 338 2940 Beza,
357 2899 439 2939 unus
459 2899 498 2922 ex
516 2890 680 2932 primipilis
700 2890 768 2923 Cal—

247 2943 389 2966 vimams.

802 2982 970 3014 1805-21.
996 2982 1111 3012 Paulus
1138 2982 1173 3014 V.

471 3112 530 3144 122
957 3113 1016 3146 123

1213 444 1408 476 1599—1607
1422 448 1532 476 eontra
1543 445 1742 486 Aquavivam

1232 492 1300 520 tum
1313 489 1398 530 apud
1408 489 1589 530 Philippum
1602 489 1660 522 ΙΙΙ,
1674 493 1742 522 tum
1774 490 1852 522 1600
1866 489 2025 531 Colloquia
2039 490 2076 522 de
2089 489 2169 522 libro
2182 490 2315 529 Molinae,

1232 533 1317 574 apud
1354 533 1544 565 Clementem
1582 534 1671 567 VIII.
1711 538 1743 567 et
1795 544 1863 575 quae
1884 534 1950 567 sine
1970 545 2084 576 magno
2107 534 2317 567 emolumento

1231 577 1365 609 Paulum
1385 577 1421 609 V.
1444 578 1510 620 agit
1530 577 1742 611 Ferdinandus
1793 579 1888 618 fuere,
1911 580 2152 620 suspenduntur.

1232 622 1266 653 de
1278 622 1427 654 Mendoza
1439 622 1468 654 S.
1483 622 1524 661 J„
1538 623 1741 655 confessarius

1231 667 1396 698 comitissae
1424 667 1461 698 de
1489 667 1609 706 Lemos‚
1640 671 1672 699 et
1700 668 1741 699 ef-

1230 711 1321 743 ficere
1335 715 1475 750 oonatur‚
1489 715 1526 743 ut
1539 711 1696 744 Generalis
1709 713 1741 744 in
1774 713 1850 743 1602
1890 712 2047 753 incipiunt
2088 712 2315 754 disputationes

1230 755 1389 796 Hispania
1411 756 1515 788 sedem
1537 756 1632 798 figere
1656 766 1741 798 coge-

1229 804 1324 832 retur.
1348 800 1378 832 N
1379 811 1412 832 ee
1425 801 1549 833 destitit
1567 810 1586 832 a
1600 801 1662 833 suis
1676 811 1740 833 ma-

1230 845 1469 884 chinationibus,
1500 845 1597 877 donec
1624 846 1740 878 Paulus

1229 889 1266 922 V.
1301 889 1411 922 melius
1444 890 1630 922 informatus
1664 900 1740 932 pree-

1230 937 1320 975 oepto
1360 944 1430 966 eum
1469 935 1575 976 adegit
1613 935 1653 966 ad
1692 945 1740 967 ao-

1230 979 1419 1020 oeptandum
1435 979 1649 1021 episcopatum
1665 979 1740 1011 Cuz-

1231 1033 1377 1065 quensem
1401 1023 1435 1055 in
1459 1024 1593 1056 Peruvia
1617 1024 1667 1056 die
1692 1025 1738 1056 27.

1229 1068 1314 1109 Sept.
1338 1069 1424 1100 1607.

1210 1202 1295 1234 1602.
1319 1202 1366 1234 29.
1389 1202 1451 1234 Jul.
1476 1202 1587 1242 Epist..·
1604 1205 1644 1233 De
1654 1215 1739 1233 recur-

1231 1254 1263 1272 su
1289 1245 1324 1272 ad
1350 1245 1437 1272 Deum
1463 1246 1492 1272 in
1522 1246 1741 1273 tribulationibus

1232 1283 1260 1307 et
1278 1281 1514 1316 persecutionibus.

1208 2136 1294 2168 1604.
1319 2137 1366 2168 24.
1383 2137 1457 2169 Jun.
1480 2137 1592 2178 Epist:
1612 2140 1653 2168 De
1665 2149 1739 2168 reno-

1230 2179 1339 2242 vatiosse
1346 2180 1455 2215 spiritus
1467 2183 1495 2208 et
1507 2181 1740 2216 correspondentia

1227 2223 1287 2242 cum
1332 2224 1370 2243 eo.

1209 2537 1296 2569 1604.
1329 2537 1376 2569 20.
1401 2537 1480 2579 Aug.
1519 2537 1669 2578 Epistola:
1700 2540 1742 2567 De

1231 2580 1409 2608 sollicitudine
1428 2583 1456 2607 et
1474 2581 1614 2615 vigilantia
1637 2581 1741 2615 Superi-

1232 2624 1307 2643 orum
1329 2624 1391 2651 erga
1411 2616 1542 2643 subditos.

1442 3113 1501 3146 124

1793 757 2059 797 (congregationes
2101 759 2136 788 de
2178 757 2315 798 auxiliis)

1793 811 1896 833 coram
1914 801 2077 833 Pontifice.
2096 803 2258 838 Gregorius
2278 803 2314 832 de

1792 847 1942 883 Valentia,
1970 847 2076 876 Petrus
2105 847 2141 877 de
2168 848 2314 883 Arrubal‚

1792 891 1910 922 Ferdin.
1933 892 1968 920 de
1989 892 2020 920 la
2042 892 2176 928 Bastida,
2206 892 2255 924 Jo.
2276 892 2312 921 de

1797 936 1881 965 Salas
1901 945 1981 966 unus
2000 939 2073 976 post
2092 934 2226 966 alterum
2246 945 2314 976 gra-

1792 979 1883 1010 vibus
1910 979 2082 1011 rationibus
2110 979 2314 1011 decertabant

1791 1033 1847 1065 pro
1881 1023 2006 1056 Melina.
2073 1023 2161 1065 Papa
2194 1027 2313 1056 certum

1792 1068 1954 1100 eonsilium
1972 1078 2035 1100 non
2053 1068 2149 1109 oepit3
2169 1068 2223 1100 sed
2241 1078 2313 1100 eum

1791 1113 1825 1144 in
1834 1112 1967 1154 majores
1979 1113 2137 1154 angustias
2148 1123 2203 1154 per
2213 1112 2313 1145 deela-

1791 1157 1944 1189 rationem
1958 1157 2129 1189 Cardinalis
2143 1157 2185 1189 du
2198 1157 2313 1189 Perron

1792 1205 1824 1233 et
1851 1211 1907 1243 per
1935 1201 2116 1233 Bellarmini
2145 1202 2314 1234 eommuni-

1793 1246 1948 1278 eationem
1969 1256 2007 1278 ex
2027 1246 2105 1278 actis
2126 1246 2314 1278 Tridentinis

1791 1291 1959 1330 incidisset,
1978 1291 2116 1323 decrevit
2132 1291 2198 1332 ipse
2215 1291 2314 1332 legere

1793 1345 1870 1377 opus
1897 1335 2030 1374 Molinae,
2058 1335 2091 1367 id
2120 1335 2204 1376 quod
2231 1345 2314 1367 mors

1793 1380 1833 1421 (3.
1868 1380 1960 1412 Mart.
1996 1380 2086 1421 1605)
2118 1380 2312 1421 praepedivit.

1774 1514 1850 1545 1602
1873 1515 1904 1546 G.
1929 1513 2081 1554 Papiense
2103 1516 2136 1545 et
2159 1513 2315 1545 Bastiense

1793 1558 1957 1600 (Corsieae).

1774 1692 1850 1723 1602
1868 1691 2033 1733 Languens
2051 1691 2084 1723 in
2101 1691 2209 1723 ineolis
2228 1691 2316 1723 valli-

1793 1746 1846 1768 um
1858 1736 2043 1778 Alpinarum
2056 1739 2088 1768 et
2100 1736 2316 1768 Cemeniorum

1791 1781 1947 1813 montium
1975 1780 2053 1812 fides
2082 1780 2237 1812 catholica
2263 1780 2315 1812 Je-

1793 1825 1945 1857 suitarum
1984 1835 2077 1867 opera
2101 1825 2314 1857 resuscitatur.

1773 1959 1849 1991 1603
1859 1959 2010 1991 Henricus
2022 1958 2074 1991 IV.
2086 1958 2187 1990 edicto
2197 1958 2316 1991 Retho-

1791 2003 1931 2046 magensi
1945 2013 2049 2035 mense
2059 2003 2144 2044 Sept.
2160 2002 2318 2045 permittit

1793 2048 1921 2080 Jesuitis
1950 2047 2049 2080 redire
2077 2047 2111 2079 in
2139 2047 2316 2089 provincias

1793 2096 1825 2124 et
1832 2102 1943 2124 vacare
1954 2092 2148 2130 ministeriis;
2165 2095 2199 2124 at
2205 2092 2317 2124 Parisi-

1793 2147 1879 2169 enses
1908 2138 1946 2169 D.
1974 2137 2052 2168 1606
2087 2136 2214 2168 demum
2241 2140 2316 2168 sunt

1792 2182 1947 2213 restitutae
1967 2185 1999 2213 et
2018 2181 2086 2222 jure
2107 2181 2239 2213 docendi
2258 2190 2316 2222 pu-

1794 2225 1871 2258 blice
1900 2226 2049 2257 carebant
2076 2235 2174 2266 usque
2203 2225 2243 2257 ad
2269 2235 2316 2257 re-

1792 2280 1888 2312 gnum
1908 2270 2060 2302 Ludoviei
2077 2269 2171 2302 XIII.

1773 2404 1851 2436 1603
1875 2403 2033 2435 Fleoeieoise
2047 2405 2078 2436 G.
2096 2403 2248 2435 fundatur
2275 2403 2314 2435 ab

1793 2448 1928 2483 Hemieo
1949 2448 2002 2480 IV.

1793 2581 1870 2613 1603
1891 2582 1922 2614 G.
1941 2580 2151 2613 Germanicum
2171 2590 2314 2612 numera-

1793 2626 1849 2658 bat
1866 2626 2007 2657 alumnos
2025 2626 2072 2657 91.
2091 2644 2130 2647 —
2146 2625 2314 2657 Missiones

1791 2670 1908 2702 habitae
1934 2673 2008 2702 sunt
2033 2670 2066 2701 in
2093 2673 2163 2701 tota
2188 2669 2315 2701 dioecesi

1795 2714 1969 2746 Tusculana
2011 2717 2044 2745 et
2084 2713 2205 2746 Albana
2246 2713 2314 2755 (ubi

1791 2759 1906 2790 abusus
1930 2761 1997 2790 erat
2015 2758 2181 2790 laborandi
2203 2757 2313 2790 diebus

1791 2803 1878 2835 festis
1892 2806 1924 2835 et
1936 2802 2063 2835 missam
2076 2812 2140 2834 non
2153 2801 2314 2843 audiendi)

1791 2851 1824 2879 et
1842 2848 1877 2879 in
1896 2846 2030 2879 Sabmis.

2005 3111 2064 3144 125
