2372 3550
238 327 267 370 {a
275 328 411 359 Historia
431 328 689 364 contemporanea

751 287 759 289 ⁴
814 303 933 333 Summi
953 302 1130 338 Pontifices,

800 347 927 378 Littorae
948 347 1138 383 Apostolicae

1211 301 1374 338 Praepositi
1395 301 1426 331 et
1446 301 1703 338 congregationes

1375 346 1537 376 Generales

1913 324 2013 361 Italia,
2033 325 2132 355 Gallia

205 458 292 490 1699.
321 457 349 490 5.
379 457 453 489 Jun.
482 456 502 498 †
529 456 603 488 Ant.
632 454 746 496 Pagius
782 454 976 484 1700-1721
1016 454 1155 483 Clemens
1189 452 1275 484 1697.
1298 452 1345 484 28.
1369 451 1437 484 Oct.
1461 452 1573 492 Epist:
1600 455 1641 482 De
1661 464 1718 490 pro·
1753 452 1830 484 1698
1850 452 2037 485 Missionarii
2056 463 2072 485 e
2092 455 2123 486 G.
2145 452 2298 495 Corisopi-

1208 496 1326 522 motione
1344 495 1379 522 ad
1397 504 1484 522 sacros
1502 496 1606 522 ordines
1624 496 1674 522 rite
1693 498 1720 522 et
1772 496 1849 528 tensi
1879 497 1912 529 in
1935 497 2052 539 oppido
2075 498 2194 530 Gourin
2216 498 2298 530 fruc-

225 503 260 536 Ο.
283 502 318 535 F.
340 502 381 534 M.
404 501 491 543 (Crit.
513 500 586 532 hist.
609 498 745 531 chronol.

224 549 256 580 in
275 548 356 579 Ann.
377 546 449 578 eccl.
471 544 598 577 Baronii
616 543 717 585 1689).

212 727 303 768 Hisp.
326 725 490 766 Philippus
503 725 539 758 V.
553 723 756 756 1701-1746,

800 499 853 530 XI.

205 949 402 983 1701-1714
424 947 545 980 Bellum
567 946 607 979 ob
629 955 747 978 succes·
780 945 867 977 1701.
886 943 933 976 25.
952 943 1026 985 Maj.
1047 943 1153 974 Provi-

224 995 342 1028 sionem
371 992 599 1025 haereditariam
629 991 662 1022 in
692 990 747 1021 Hi-

225 1039 343 1082 spania.

205 1263 281 1297 1701
305 1262 504 1294 Protestatur
527 1260 616 1301 Papa
639 1261 749 1291 contra

225 1307 448 1342 exaltationem
465 1303 620 1337 Frederici
638 1303 697 1335 III.
716 1303 749 1334 in

223 1363 327 1396 regem
342 1350 509 1384 Borussiae:
526 1348 610 1391 quod
624 1358 661 1380 ea
674 1348 749 1380 Pro-

224 1398 329 1431 vincia
349 1396 391 1429 sit
411 1395 526 1427 ordinis
547 1393 718 1426 Teutonici.

206 1623 283 1655 1702
314 1620 411 1653 Casus
442 1617 637 1651 conscientiae
667 1617 750 1658 (Sor-

225 1665 328 1718 bonae)
360 1664 441 1697 circa
472 1662 630 1697 silentium
663 1661 750 1694 obse-

227 1720 380 1754 quiosum.

213 1846 305 1890 Anql.
347 1846 440 1878 Anna
462 1842 641 1877 1702-1714.

208 2027 295 2059 1704.
326 2025 355 2058 3.
386 2024 461 2066 Apr.
491 2023 604 2055 Petrus
635 2019 750 2058 Codde,

227 2070 370 2111 Arohiep.
417 2068 457 2100 de
499 2066 639 2104 Sebaste,
683 2063 749 2096 Vic.

228 2126 277 2158 ap.
296 2112 544 2155 Ultrajectensis,
561 2109 750 2147 Jansenista,

228 2162 401 2193 amovetur.

800 989 907 1021 dentice
919 988 1053 1020 coelestis:
1069 991 1153 1026 Signi-

801 1035 901 1061 ficatur
944 1032 1063 1058 Antonio
1106 1032 1156 1058 Po-

802 1069 900 1097 saterio
917 1068 943 1095 S.
962 1069 988 1095 J.
1007 1068 1095 1094 Xansi
1110 1068 1155 1095 Vi-

802 1106 873 1133 cario
908 1106 1006 1139 apost„
1041 1102 1156 1138 qualiter

801 1142 863 1170 istic
886 1140 995 1169 Jubilaei
1016 1139 1155 1174 indulgen-

802 1179 847 1205 tiae
862 1176 1051 1205 concedantur.

209 2384 286 2415 1704
303 2382 323 2424 †
342 2381 475 2413 Bossuet
492 2382 524 2411 et
543 2377 749 2410 Bourdaloue.
784 2376 870 2409 1704.
903 2375 951 2406 20.
978 2372 1058 2404 Nov.
1089 2374 1156 2403 Con-

209 2694 296 2726 1705.
323 2692 370 2725 16.
398 2690 460 2724 Jul.
488 2688 593 2722 Bulla:
622 2689 752 2721 Vineam

230 2736 358 2770 Domini
378 2735 508 2768 Sabaoth
530 2737 640 2766 contra
661 2733 752 2765 silen-

229 2783 309 2815 tium
331 2779 548 2823 obsequiosum
559 2777 753 2811 Jansenista-

228 2837 308 2860 rum.

207 2960 303 2994 Germ.
323 2959 478 3002 Josephus
498 2957 523 2990 Ι.
543 2955 751 2990 1705-1711.

456 3134 515 3168 258

810 2420 956 2447 firmantur
978 2421 1107 2451 responsa
1131 2417 1158 2444 S,

806 2453 990 2490 Inquisitionis
1018 2452 1054 2479 ad
1089 2461 1159 2488 quae-

804 2492 858 2518 sita
869 2491 899 2518 in
912 2497 993 2517 causa
1006 2489 1108 2516 rituum
1119 2489 1158 2515 Si-

804 2527 928 2554 nensium
944 2525 1160 2560 supermandato

805 2563 847 2590 26.
872 2563 953 2589 Mart.
978 2560 1047 2587 1693
1072 2560 1160 2588 Caroli

804 2599 929 2634 Maigrot,
964 2604 1049 2631 eaque
1083 2604 1158 2623 man-

805 2634 906 2661 dantur
919 2632 1013 2660 Oarolo
1029 2632 1061 2659 de
1076 2632 1159 2659 Tour-

804 2678 868 2702 non,
893 2668 1029 2696 visitatori
1054 2676 1097 2703 ap.
1123 2667 1158 2694 ab

806 2705 928 2732 omnibus
977 2703 1159 2735 missionariis,

806 2742 888 2768 etiam
902 2741 928 2768 S.
943 2740 980 2772 J..
994 2739 1135 2766 servanda.

941 3129 999 3163 259

1208 534 1314 558 maturo
1333 531 1441 558 consilio
1459 532 1628 566 perficienda.

1316 1462 1359 1487 1²1.
1376 1462 1499 1487 Romana
1516 1462 1593 1488 1⁷03.

1236 1511 1300 1542 Dpr.
1319 1509 1453 1542 Romana;

1236 1555 1303 1587 pr.
1321 1554 1452 1586 Romana,
1472 1554 1637 1586 Florentium

1236 1599 1264 1625 0.
1280 1598 1489 1630 Anconitanum,
1521 1598 1706 1633 Anglicmum,

1203 1634 1362 1666 Aretinum„
1390 1634 1525 1666 Asculan.,
1548 1634 1707 1669 Biturgien„

1202 1670 1390 1702 Fabrianense,
1434 1670 1562 1702 Fanense,
1607 1670 1708 1697 Firma-

1201 1714 1276 1738 num,
1303 1705 1458 1738 Florentin„
1486 1706 1620 1738 German,
1638 1706 1708 1733 Gree-

1203 1749 1272 1774 cum,
1291 1741 1413 1774 Hibern.,
1432 1741 1532 1774 misia„
1550 1742 1708 1774 Interamn„

1202 1777 1356 1810 Lauretan.‚
1374 1777 1545 1810 Maceratcn.,
1572 1777 1708 1810 Maronit.,

1201 1813 1301 1841 Montis
1331 1813 1432 1845 Sancti,
1463 1813 1592 1845 Perusin.,
1622 1813 1708 1840 Pisto-

1201 1849 1276 1882 rien..
1287 1849 1431 1876 Pcenitent.
1445 1849 1470 1876 S.
1479 1849 1560 1882 Petri,
1573 1849 1708 1882 Politian„

1202 1885 1320 1917 Praten,
1331 1885 1469 1921 Ragusin.‚
1480 1885 1645 1918 Recineten.,
1655 1884 1708 1912 Ro-

1201 1928 1321 1953 manum,
1344 1921 1494 1953 Scotorum,
1517 1921 1641 1953 Senense,
1664 1921 1709 1948 Se-

1201 1957 1299 1989 tinum,
1305 1957 1407 1989 Soran.¹
1415 1956 1550 1991 Spoletan.
1555 1978 1561 1989 ‚
1567 1956 1697 1984 Tiburtia.
1702 1977 1708 1989 ,

1203 1992 1401 2027 Tiphematen„
1425 1992 1600 2025 Viterbiense,
1625 1992 1709 2020 Urbe-

1202 2030 1333 2056 vetanum
1338 2037 1345 2061 ;

1236 2074 1270 2100 Β.
1285 2072 1479 2104 Astumarien„
1519 2072 1708 2104 Caeciabelen„

1203 2109 1344 2141 Flamen..
1355 2109 1515 2141 Panormit.;

1239 2154 1310 2180 Sem.
1324 2153 1449 2184 Roman„
1464 2152 1568 2185 Senon„
1585 2151 1707 2184 Ptolem„

1204 2189 1392 2216 Tusculanum.

1337 2233 1396 2260 Sao.

1472 2304 1523 2331 214

1471 2232 1522 2259 315

1337 2268 1424 2296 Schol.
1472 2269 1522 2295 153
1540 2232 1556 2338 }
1574 2268 1624 2295 682

1338 2304 1418 2332 Goad.

1242 2354 1344 2388 Quibus
1374 2352 1491 2380 addendi
1520 2352 1612 2379 incolae
1634 2354 1706 2384 Dpr„

1206 2390 1253 2424 qui
1261 2391 1438 2416 numerantur
1448 2388 1498 2415 100
1503 2389 1548 2423 (ex
1556 2388 1635 2415 variis
1643 2388 1705 2422 Pa).

1191 2683 1278 2716 1705.
1298 2684 1345 2715 27.
1365 2682 1434 2714 Oct.
1453 2681 1472 2723 †
1489 2683 1623 2719 Thyrsus
1639 2683 1722 2713 Gon-

1211 2730 1304 2760 zalez.

1425 3125 1484 3158 260

1772 545 1840 573 tum
1864 542 1990 574 uberem
2017 542 2164 574 retulere:
2189 543 2226 574 12
2239 543 2299 574 000

1771 586 1934 618 hominum
1961 587 2152 619 confessione
2179 587 2297 628 expiati

1772 640 1860 662 sacra
1872 631 2088 663 communione
2101 631 2210 664 refecti
2223 635 2298 663 sunt

1773 675 1822 707 die
1843 685 1905 717 qua
1923 676 2084 717 proposita
2103 676 2165 708 fuit
2195 676 2297 708 indul-

1771 720 1878 761 gentia
1897 720 2084 761 applicanda
2102 720 2244 759 mortuis,
2267 725 2299 753 et

1773 764 1844 796 dein
1866 764 1899 796 in
1921 764 2052 797 decursu
2074 765 2229 797 missionis
2251 775 2298 797 re-

1771 808 1857 850 liquo
1875 808 1945 850 plus
1965 819 2060 851 quam
2079 810 2191 842 18000.

1753 942 1830 973 1701
1852 942 1914 974 Edi
1936 943 2032 984 coepti
2054 947 2128 975 sunt
2149 943 2299 985 periodici

1773 988 1988 1019 commentarii
2032 988 2215 1026 „Memoires
2260 988 2298 1020 de

1774 1031 1939 1063 Trevoux“
1957 1035 1989 1064 et
2007 1033 2183 1064 continuati
2199 1043 2298 1075 usque

1774 1076 1814 1108 ad
1836 1076 1923 1109 1762.

1755 1254 1832 1286 1701
1860 1264 1879 1286 a
1905 1254 1953 1287 25.
1980 1254 2096 1296 Aprilis
2121 1255 2155 1287 in
2181 1255 2299 1298 templo

1773 1298 1980 1331 Avenionensi
1993 1299 2176 1332 monialium
2191 1311 2232 1340 „a
2245 1310 2300 1332 no-

1775 1347 1841 1375 stra
1867 1344 2025 1376 Domina“
2053 1354 2108 1386 per
2135 1345 2174 1377 10
2201 1345 2300 1377 conti-

1775 1398 1853 1420 nuos
1875 1388 1939 1421 dies
1962 1389 2109 1421 exercitia
2129 1389 2159 1422 S.
2184 1389 2302 1431 Ignatii

1775 1433 1852 1465 data
1874 1437 1948 1465 sunt
1969 1434 2120 1466 matronis
2143 1434 2300 1466 nobilibus

1775 1478 1913 1509 maximo
1943 1488 2093 1510 concursu
2123 1482 2155 1510 et
2183 1479 2299 1511 fructu.

1775 1522 1896 1554 Eodem
1918 1526 2057 1564 tempore
2079 1523 2212 1555 istarum
2235 1534 2301 1556 ma-

1776 1570 1938 1599 tronarum
1983 1567 2106 1609 aurigae,
2149 1571 2299 1607 vectores,

1775 1611 1945 1654 pedisequi,
1975 1611 2090 1654 aliique
2124 1612 2234 1644 famuli
2267 1613 2301 1644 in

1777 1656 1849 1688 aula
1872 1656 1977 1688 vicina
2001 1657 2234 1689 exercebantur.
2262 1676 2301 1680 —

1775 1700 1853 1733 Post
1868 1711 1918 1733 eos
1934 1700 2008 1733 Viris
2024 1701 2180 1733 nobilibus
2197 1701 2301 1734 trade-

1776 1745 1893 1777 bantur
1906 1745 2053 1778 exercitia
2066 1746 2174 1778 eadem
2187 1746 2302 1788 aequali

1777 1800 1848 1822 cum
1862 1790 1977 1823 fructu.

1756 2013 1844 2045 1703.
1859 2013 1907 2045 14.
1922 2013 1994 2045 Jan.
2010 2013 2114 2045 Romae
2127 2013 2173 2055 (et
2184 2013 2218 2045 in
2230 2023 2301 2055 pro-

1776 2057 1898 2099 vinciis)
1922 2059 2012 2089 terrae
2036 2059 2123 2090 motu
2147 2058 2233 2090 facto
2258 2061 2291 2090 et

1776 2102 1947 2134 identidem
1970 2112 2068 2144 usque
2092 2102 2133 2134 ad
2155 2103 2183 2135 2.
2208 2102 2300 2135 Febr.

1775 2146 1909 2188 repetito
1929 2146 2063 2188 populus
2085 2147 2126 2179 ad
2145 2147 2302 2189 poeniten-

1775 2191 1854 2223 tiam
1893 2191 2038 2230 cucurrit,
2078 2195 2110 2224 et
2147 2192 2300 2224 mandato

1774 2235 1937 2278 pontificio
1979 2235 2140 2268 Missiones
2182 2236 2300 2268 habitae

1776 2283 1850 2312 sunt
1858 2280 1892 2312 in
1898 2280 1991 2312 Urbis
2003 2280 2136 2313 ecclesiis
2147 2280 2297 2322 plurimis.

1776 2324 1887 2352 Jesuitae
1904 2324 1935 2351 iis
1953 2332 2061 2359 operam
2079 2324 2183 2351 dabant
2199 2325 2228 2351 in
2244 2325 2299 2351 fere

1777 2361 1808 2386 17
1820 2360 1934 2387 ecclesiis
1945 2360 1988 2386 vel
1997 2360 2108 2392 sacellis,
2120 2360 2216 2395 quibus
2227 2368 2300 2387 acce-

1777 2396 1879 2423 debant
1897 2395 1987 2422 missio
2006 2397 2147 2428 nocturna,
2168 2398 2196 2423 et
2215 2396 2299 2423 missi-

1777 2439 1839 2458 ones
1850 2431 1879 2458 in
1897 2431 1954 2458 aliis
1966 2431 2076 2458 urbibus
2091 2432 2146 2458 fere
2157 2432 2198 2459 30.
2211 2447 2244 2451 —-
2256 2432 2299 2458 In-

1776 2468 1903 2494 stitutum
1914 2468 1955 2494 est
1964 2467 1992 2493 vi
2001 2467 2059 2494 voti
2069 2475 2086 2493 a
2096 2467 2224 2494 Romanis
2233 2467 2300 2494 facti

1775 2503 1907 2538 jejunium
1932 2501 2028 2537 vigiliae
2050 2503 2248 2530 Purifioationis
2266 2503 2298 2530 Β.

1988 3124 2047 3159 261
