2372 3550
822 293 941 323 Summi
962 291 1139 327 Pontifices,

815 338 938 368 Litterae
958 336 1144 373 Apostolioae

1223 290 1382 327 Praepositi
1403 290 1434 320 et
1454 289 1710 326 congregationes

285 318 422 349 Historia
442 317 701 353 contemporanea
1385 335 1548 364 Generales

1923 312 2024 348 Italia,
2044 312 2143 342 Gallia

216 446 294 478 1844
318 444 500 478 Sacerdotes
527 446 681 485 apostata>
706 442 756 475 .Ιο.
792 440 997 483 Indulgentiae
1005 440 1178 473 concedun-
1199 438 1291 471 Anno
1325 438 1404 470 1844
1435 438 1562 471 ineunte
1594 438 1734 471 Societas

236 491 345 532 Ronge
359 493 392 522 et
406 489 455 521 Jo.
472 487 594 520 Czerski
609 487 758 529 originem
812 490 864 519 tur
888 485 1085 517 1839——1843
1109 494 1165 526 pro
1219 483 1421 515 numerabat:

1228 527 1432 559 Assistentias
1567 527 1586 558 4

1227 571 1409 603 Provincias
1548 572 1585 603 12

1227 615 1497 648 Vico-Provincias
1567 616 1585 647 2

1227 661 1348 692 Domus
1370 660 1498 702 profess.
1567 660 1586 692 3

1228 704 1364 747 Collegia
1376 708 1554 737 nostrorum
1567 705 1586 736 9

1227 749 1363 791 Collegia
1386 752 1505 781 extem.
1547 750 1586 781 44

1227 793 1301 826 Coll.
1316 804 1387 826 cum
1400 793 1533 826 convict.
1547 793 1586 825 35

1227 838 1397 871 Convictus
1410 839 1586 880 separat.14
1647 838 1705 870 233

1226 883 1347 915 Domus
1370 882 1493 924 probat.
1547 883 1586 914 24

1229 927 1427 961 Residentias
1548 927 1586 959 65
1609 924 1621 1060 Ι

235 535 314 567 dant
325 538 417 566 sectae
430 532 680 572 „Catholicorum
692 542 758 573 ger·
811 530 1018 568 missionibus,
1042 530 1082 561 10
1103 529 1167 561 Do-

234 578 459 611 maniccrum“.
811 574 931 607 minicis
968 574 999 607 S.
1040 573 1164 616 Ignatii,

809 618 1041 652 sodalitatibus.

1228 971 1390 1004 Missiones

1228 1017 1320 1049 Dom.
1330 1016 1547 1049 exercitiorum
1569 1017 1587 1048 2

1309 1095 1492 1128 Sacerdotes
1549 1096 1627 1128 1658

1309 1140 1517 1173 Scholasticos
1549 1141 1627 1173 1273

1310 1184 1513 1226 Coadjutores
1550 1184 1629 1217 1205

1311 1230 1628 1280 m

216 1334 437 1376 Ontoloqismus
451 1334 609 1367 Vincentii
623 1333 765 1366 Gioberti

239 1380 272 1421 (†
282 1379 373 1421 1852)
382 1379 442 1411 hoc
451 1382 591 1420 tempore
600 1378 633 1410 in
643 1377 764 1411 scholas

239 1424 342 1456 varias
378 1423 525 1456 inductus
562 1422 764 1465 postmodum

239 1468 395 1501 refutatur
404 1478 423 1500 a
429 1465 450 1500 J
451 1468 557 1500 esuitis
563 1467 767 1508 (Liberatore,

241 1513 398 1555 Kleutgen
420 1512 503 1554 etc).

1205 1470 1292 1503 1845.
1308 1470 1356 1502 29.
1373 1470 1445 1502 Jan.
1462 1469 1613 1510 Epistola:
1629 1469 1677 1501 De
1685 1469 1739 1501 So-

800 1556 997 1587 1846—18'18
1016 1556 1089 1587 rius
1108 1556 1162 1586 rx.
1224 1514 1347 1547 oietatis
1361 1524 1523 1556 progressu
1538 1517 1571 1546 et
1584 1513 1737 1556 periculis,

1207 1826 1294 1859 1845.
1319 1826 1367 1858 21.
1391 1826 1477 1867 Sept.
1504 1825 1578 1866 Ep„-
1603 1825 1651 1857 De
1664 1834 1740 1866 prae-

1226 1870 1306 1903 senti
1321 1870 1510 1903 calamitate.

223 2003 301 2035 1847
327 2001 507 2035 Novembri.
534 2002 694 2035 Foederati
719 2012 768 2035 ca-

243 2046 351 2079 tholici
366 2047 439 2089 pagi
455 2046 608 2079 Helvetiae
624 2046 769 2088 (Sonder—

244 2091 345 2133 hund)
370 2091 450 2124 bello
476 2101 496 2124 a
520 2091 769 2133 protestantibus

244 2136 423 2168 vincuntur.

1209 2315 1296 2347 1847.
1320 2315 1347 2347 1.
1370 2314 1443 2347 Jan.
1467 2313 1541 2355 Ep:
1562 2314 1611 2347 De
1625 2316 1746 2356 tempo-

1228 2369 1298 2391 rum
1319 2362 1498 2391 nostrorum
1519 2358 1692 2391 acerbitate
1713 2361 1746 2390 et

803 2402 889 2434 1848.
899 2402 947 2434 24.
956 2401 1036 2433 Nov.
1045 2400 1119 2433 Pius
1129 2400 1186 2433 IX.
1229 2403 1334 2436 studio
1357 2402 1568 2445 perfectionis.

822 2446 905 2489 fugit
924 2446 1067 2479 Gaetam.

475 3111 534 3144 426
952 3110 1011 3144 427
1448 3111 1507 3142 428

1770 483 1847 515 1845
1863 493 1947 515 nova
1964 486 2134 524 tempestas
2150 482 2184 514 in
2198 482 2312 514 Gallia:

1788 527 1894 559 Thiers
1931 528 1964 559 in
2001 527 2136 559 comitiis
2172 526 2314 568 loquitur

1788 575 1897 604 contra
1932 572 2080 610 Jesuitas,
2118 571 2171 613 qui
2205 574 2313 603 tamen

1787 616 1869 648 foras
1887 616 2099 649 defenduntur
2122 626 2141 647 a
2164 615 2240 657 juris
2261 625 2314 657 pe-

1786 660 1864 693 ritis.
1905 661 1948 693 Et
1966 660 2031 702 jam
2059 660 2137 692 1844
2162 659 2314 692 Xaverius

1787 705 1917 737 Lacroioe
1959 705 1994 737 de
2025 704 2189 746 Raviqnan
2218 704 2249 737 S.
2281 704 2311 737 J.

1786 750 1806 782 4
1833 749 2021 782 editionibus
2048 749 2120 781 libri
2148 748 2210 781 sui:
2266 749 2314 781 De

1787 794 1965 826 l'existence
1983 797 2015 826 et
2031 794 2069 826 de
2085 793 2244 826 l’Institut
2260 793 2314 825 des

1787 839 1924 871 Jesuites
1936 838 2030 880 (versi
2041 838 2074 870 in
2086 838 2197 870 saltem
2210 839 2228 870 6
2238 838 2314 870 alias

1787 883 1923 925 linguas)
1939 882 2121 925 praejudicia
2148 886 2181 915 et
2198 882 2315 915 calum-

1787 928 1855 960 nias
1876 931 1986 960 contra
2006 927 2036 960 S.
2059 927 2090 960 J.
2112 926 2227 959 nullius
2250 937 2315 959 esse

1788 972 1902 1004 valoris
1915 972 2105 1004 ostenderat.
2128 972 2207 1004 Post
2219 971 2316 1004 actio-

1789 1027 1861 1049 nem
1893 1026 1967 1049 vero
2001 1017 2178 1049 Romanam
2186 1016 2314 1060 {RossL

1789 1061 1884 1094 etiam
1895 1061 2053 1094 Generalis
2063 1061 2235 1103 prudenter
2245 1071 2316 1093 con-

1789 1106 1882 1139 cessit
1901 1105 2044 1148 quaedam
2063 1105 2234 1148 postulata.

1773 1552 1850 1585 1846
1880 1553 1929 1584 Pr.
1962 1551 2074 1583 Veneta
2104 1554 2269 1593 separatur
2299 1561 2319 1583 a

1794 1597 1947 1629 Romana.

1774 1865 1852 1897 1848
1877 1862 2035 1905 Dispersio
2062 1862 2256 1895 Jesuitarum
2283 1872 2321 1895 ex

1791 1908 1894 1947 Italia,
1933 1917 1972 1940 ex
2010 1906 2122 1949 quibus
2159 1907 2252 1939 multi
2288 1907 2322 1939 in

1793 1953 1864 1986 aliis
1881 1952 2018 1994 Europae
2034 1955 2067 1984 et
2081 1951 2233 1984 Americae
2247 1952 2322 1984 Pro-

1794 1997 1905 2030 vinciis
1937 1996 2074 2028 fraterne
2107 1996 2229 2038 excepti
2261 1995 2323 2029 uti—

1794 2042 1855 2075 lem
1878 2043 2038 2074 nav-arunt
2061 2050 2197 2082 operam.

1779 2177 1815 2209 In
1834 2175 1935 2209 Gallia
1955 2174 2057 2206 minor
2077 2173 2260 2216 persecutio.

2005 3102 2064 3135 429
