2372 3550
146 325 304 362 Hispania,
325 324 483 354 Lusitania

631 324 804 358 Germania,
826 323 965 360 Belgium

1149 323 1271 358 Anglia,
1293 323 1420 353 Polonia

1698 323 1858 352 Missiones
1879 323 1996 353 exterae

79 452 155 484 1665
175 452 211 483 In
228 453 276 483 Pr.
295 451 465 483 castellana
482 450 538 482 flo-
572 450 649 481 1665
661 450 1023 492 Inqolstadz‘tffieorqius
1056 451 1252 482 1661—1669
1270 450 1322 482 Lis
1341 461 1410 482 cum
1429 449 1507 482 Aca·
1540 449 1647 490 Captis
1666 450 1742 480 1662
1760 459 1816 490 per
1834 449 2007 481 Hollandos
2026 450 2162 489 Cochim,

590 495 784 535 Lypromdus,
798 495 961 536 praefectus
975 495 1033 536 spi·
1076 494 1179 526 demia
1196 494 1391 526 Cracoviensi
1410 494 1449 526 ob
1467 494 1507 525 A-

97 500 167 528 rent
193 495 338 527 sodalitia
366 496 401 527 Β.
430 496 470 527 Μ.
500 495 536 527 V.

97 540 217 572 circiter
234 539 286 577 45;
306 550 344 571 ex
362 539 409 571 his
427 540 446 571 5
464 543 538 571 sunt

96 584 230 616 solorum
261 584 467 622 sacerdotum,
500 584 537 615 14

97 639 134 660 ex
151 628 316 666 nobilibus,
336 628 465 666 civibus,
485 638 537 668 op-

95 672 217 714 pidanis
243 672 420 704 coalescunt
444 672 537 713 (Ove-

96 721 182 749 tense
212 721 357 749 numerat
386 716 449 749 fere
481 717 538 748 700

96 761 201 802 cives),
228 764 340 793 caetera
361 764 434 793 sunt
451 761 537 793 scho-

94 805 215 837 larium.

77 939 113 970 In
127 938 285 978 Hispania
298 939 383 980 regni
397 939 537 970 modera-

96 983 158 1014 trix
169 983 268 1014 Maria
279 983 452 1021 Austriaca⁷
466 984 491 1014 F
493 993 537 1015 er-

95 1027 224 1059 dinandi
252 1028 310 1059 HI.
339 1027 414 1066 filia,
443 1028 539 1059 vidua

93 1071 231 1113 Philippi
248 1072 300 1104 IV.
319 1076 351 1104 et
366 1076 467 1104 mater
482 1072 538 1103 Ca-

94 1115 152 1148 roh'
174 1116 227 1154 11„
251 1116 372 1148 afflicta
392 1126 447 1157 per
466 1116 538 1148 Gal-

93 1160 167 1192 liam
183 1164 215 1192 et
228 1161 423 1192 Lusitaniam
438 1165 470 1192 et
484 1171 539 1202 per

93 1205 262 1237 factionem
289 1205 416 1236 Domini
443 1205 538 1236 Joan-

96 1249 143 1281 nis
162 1249 202 1281 ab
219 1248 356 1288 Austria,
377 1249 538 1281 consilium

97 1293 237 1335 sequitur
271 1294 447 1326 confessarii
485 1296 539 1325 Jo-

96 1340 185 1369 annis
224 1340 368 1369 Everardi
406 1340 538 1370 Nidardi.

97 1383 157 1414 Hic
172 1383 289 1414 frustra
303 1383 458 1415 reluctans
475 1383 538 1424 jus-

96 1437 132 1459 su
152 1426 322 1459 Alexandri
341 1427 412 1459 VII.

77 1561 154 1592 1666
184 1560 305 1602 accepit
334 1571 464 1593 munera
490 1562 539 1592 In-

97 1604 254 1646 quisitoris
264 1605 414 1646 generalis
427 1610 458 1637 et
469 1616 539 1637 con-

96 1649 202 1681 siliarii
228 1653 339 1687 status,
368 1660 436 1691 quae
463 1651 539 1681 1660

96 1698 224 1735 urgente
245 1694 396 1735 imprimis
416 1695 468 1726 Do
487 1695 540 1726 Jo-

97 1748 176 1770 anne
192 1738 394 1770 libentissime
411 1738 538 1771 dimisit.

77 2050 163 2081 1669.
189 2049 216 2081 3.
232 2049 295 2082 Jul.
318 2049 338 2091 †
357 2049 467 2082 Eborae
482 2050 539 2082 Ga-

95 2104 168 2134 spar
180 2093 219 2124 M
220 2094 325 2133 oreira,
346 2104 454 2126 annoae
465 2094 541 2126 tatis

98 2139 159 2177 71⁰,
180 2138 229 2169 vir
253 2138 396 2170 omnibus
416 2139 541 2171 virtuti—

97 2183 154 2214 bus
173 2186 311 2222 ornatus‚
330 2183 541 2215 missionarius

96 2227 314 2259 validissimus.
339 2228 541 2260 RcctorEbo-

96 2272 192 2304 rensis
209 2272 242 2303 in
252 2281 402 2313 pauperes
416 2276 484 2304 erat
500 2272 541 2305 ef-

96 2316 284 2348 fusissimus:
320 2326 382 2348 non
416 2317 540 2356 mirum,

98 2370 168 2392 cum
181 2371 219 2392 ex
230 2361 398 2402 marsupio,
411 2361 444 2393 in
457 2362 541 2403 quod

97 2404 177 2437 solos
204 2405 242 2436 10
268 2415 376 2437 aureos
402 2405 539 2445 miserat,

97 2450 155 2481 200
170 2449 331 2482 extrahere
345 2450 538 2491 reperiretur.

78 2672 154 2703 1669
168 2671 200 2703 N
201 2671 326 2704 Mardus
341 2672 475 2704 Romam
488 2683 540 2714 pe-

97 2716 147 2754 tit,
175 2716 229 2748 ubi
253 2716 372 2748 invitus
397 2717 437 2748 fit
463 2717 538 2748 1671

98 2760 257 2802 Hispaniae
280 2760 410 2802 legatus,
437 2765 469 2793 et
494 2771 540 2793 ar-

97 2804 309 2846 chiepiscopus
350 2805 539 2844 Edessenus3

98 2849 230 2891 denique

78 2982 164 3014 1672.
200 2983 247 3015 22.
271 2982 345 3014 Feb.
369 2983 542 3015 Cardinalis

98 3026 130 3069 (†
151 3027 178 3059 1.
191 3026 267 3059 Feb.
290 3027 390 3069 1681).

285 3116 343 3147 222

589 539 667 570 ritus
679 549 734 580 per
745 540 782 570 20
789 543 821 571 et
832 539 964 579 amplius
972 550 1023 571 an-

1077 538 1248 570 cademiam
1262 538 1385 578 Leopozi
1399 549 1417 570 a
1430 539 1459 570 S.
1476 538 1505 570 J.

587 583 1034 624 nos;quocumBarthoZomoeus
1076 583 1262 624 erigendam.
1304 583 1404 614 Causa
1424 583 1453 614 S.
1477 583 1505 614 J.

590 627 622 658 H
624 627 783 665 olzhauser,
802 627 945 659 Instituti
959 627 1023 659 Cle-

589 672 724 704 ricorum
764 671 957 703 saecularium
992 672 1023 703 in

590 716 747 748 communi
758 716 934 748 viventium
953 726 1024 748 auc—

590 764 640 792 tor
670 761 775 792 omnia
804 770 861 792 sua
890 760 1025 792 contulit

590 805 701 846 cuique
722 805 864 836 alumnos
885 815 955 836 suos
977 815 1023 836 sa-

590 849 647 881 cris
659 849 868 881 instituendos
882 849 1021 881 tradidit.

569 938 761 970 Scholarium
775 939 806 970 C.
822 938 1025 969 Brumrutani

590 982 737 1014 laudatur
758 992 821 1023 prae
843 982 911 1013 aliis
932 982 1023 1014 rebus

590 1030 738 1058 accurata
748 1026 851 1068 legum
864 1030 896 1059 et
908 1027 1023 1058 ordinis

591 1071 800 1109 observantia,
817 1081 885 1112 quae
897 1071 962 1112 jam
977 1075 1023 1103 est

590 1115 722 1157 antiqua
743 1116 944 1147 consuetudo.

573 1338 649 1369 1667
685 1337 888 1379 Congregatio
924 1337 1024 1377 Kaus-

591 1383 708 1414 burana
727 1382 784 1414 sub
804 1382 973 1414 directione
993 1382 1022 1414 S.

591 1427 620 1458 J.
652 1426 890 1468 Campodunum
927 1437 1024 1468 usque

590 1471 840 1513 supplicabunda
878 1471 1023 1509 excurrit,

591 1515 749 1547 sodalibus
783 1515 936 1554 omnibus,
972 1516 1025 1557 qui

591 1560 661 1601 plus
679 1560 737 1591 400
755 1564 853 1599 erant,
873 1560 1023 1591 rosarium

592 1615 689 1636 unum
703 1615 719 1636 e
733 1604 810 1636 collo
821 1605 968 1646 pendens,
982 1604 1024 1636 al-

593 1654 693 1681 terum
708 1659 802 1680 manu
817 1649 1023 1690 gestantibus,

592 1694 748 1725 insuetum
772 1694 804 1725 in
827 1693 881 1725 illa
903 1694 1024 1735 regione

593 1738 813 1780 spectaculum.

575 2183 652 2214 1670
665 2183 748 2214 Dum
755 2193 863 2224 graves
872 2182 1025 2215 tumultus

593 2227 626 2259 in
665 2227 876 2259 Universitate
926 2227 1026 2268 Inqol-

593 2271 734 2304 stadiana
760 2281 779 2303 a
803 2271 880 2312 juris
907 2275 939 2304 et
965 2282 1027 2303 nie-

594 2316 703 2348 dicinae
727 2316 873 2348 studiosis
898 2316 1027 2348 excitati

592 2361 806 2402 perdurarent,
834 2360 970 2402 theologi
996 2364 1028 2392 et

592 2405 770 2446 philosophi
803 2415 866 2436 non
900 2408 1026 2437 tantum

593 2460 657 2481 sese
672 2459 735 2481 non
750 2449 964 2491 adjunxerunt
978 2454 1027 2482 tu-

592 2494 833 2533 multuantibuS‚
856 2494 909 2526 sed
931 2494 1026 2526 etiam

593 2538 860 2571 observantissimi
886 2538 1027 2570 modera-

593 2586 695 2614 torum
737 2586 769 2615 et
804 2583 837 2614 in
867 2582 1027 2615 litterariis

593 2627 747 2659 exercitiis
784 2627 1028 2659 constantissimi

594 2682 631 2704 ne
658 2671 750 2703 minis
779 2671 903 2713 quidem
931 2676 1026 2713 atque

593 2716 755 2748 calumniis
790 2727 809 2748 a
841 2716 1027 2748 lectionibus

594 2760 756 2792 audiendis
773 2760 933 2792 absterriti
954 2764 1028 2792 sunt

592 2805 624 2836 id
663 2805 746 2846 quod
782 2805 848 2846 ipse
885 2804 1027 2846 princeps

594 2849 707 2881 elector
725 2849 898 2881 admiratus
920 2849 1028 2881 lauda-

594 2893 643 2926 vit
662 2903 858 2935 magnopere.

771 3115 830 3146 223

1077 627 1161 659 cadit
1183 628 1299 659 Romae.

1058 716 1134 747 1666
1149 715 1275 747 Carolus
1292 716 1333 747 Π.
1350 715 1382 747 in
1398 715 1510 757 Anglia

1076 763 1202 792 coactus
1231 764 1278 792 est
1305 760 1442 791 Jesuitas
1471 770 1509 791 ex

1076 804 1190 845 Anqlz'a
1209 804 1330 845 pellere.

1057 938 1133 968 1667
1154 937 1286 968 Barense
1302 938 1333 969 C.
1349 937 1414 978 jam
1432 948 1450 969 a
1471 938 1509 968 20

1076 981 1175 1020 annis,
1199 986 1327 1022 propter
1349 981 1430 1013 bella
1451 982 1509 1013 Po-

1075 1026 1218 1057 lonorum
1229 1036 1299 1057 cum
1311 1026 1432 1058 Cosacis
1443 1036 1514 1058 con-

1076 1070 1174 1109 tinua,
1195 1080 1213 1102 a
1230 1070 1326 1102 Sociis
1345 1070 1406 1102 fere
1425 1071 1509 1102 dere-

1075 1114 1185 1146 lictum
1207 1119 1282 1146 erat.

1058 1515 1135 1546 1669
1154 1514 1332 1546 &audentii
1357 1514 1433 1546 civis
1451 1514 1510 1546 Ge-

1077 1559 1220 1591 danensis
1236 1559 1274 1590 ob
1289 1559 1424 1591 criminis
1438 1559 1509 1591 insi-

1078 1603 1279 1636 mulationem
1299 1603 1338 1635 ad
1357 1614 1508 1636 carcerem

1078 1648 1155 1679 arcis
1204 1648 1429 1680 condemnatus
1479 1653 1511 1680 et

1078 1692 1278 1733 compedibus
1292 1692 1425 1731 vinctus,
1440 1704 1509 1725 cum

1078 1747 1096 1768 a
1117 1737 1211 1768 Patre
1234 1737 1287 1778 (ab
1310 1737 1416 1769 haeresi
1439 1748 1510 1769 con-

1078 1781 1197 1823 versus)
1215 1791 1303 1813 sacra
1320 1782 1510 1814 communio—

1077 1836 1114 1857 ne
1128 1826 1315 1863 reficeretur,
1331 1836 1349 1858 a
1361 1826 1509 1867 compede

1077 1881 1140 1902 una
1155 1874 1265 1912 sponte
1280 1874 1384 1912 rupta,
1399 1871 1510 1903 libera-

1077 1919 1127 1947 tus
1147 1919 1194 1946 est
1211 1915 1243 1947 in
1262 1915 1429 1956 praesentia
1446 1920 1510 1947 stu-

1077 1959 1219 2000 pentium
1248 1964 1469 2001 spectatorum.

1059 2049 1136 2080 1669
1167 2047 1195 2080 A
1226 2049 1287 2080 PP.
1328 2049 1511 2081 Scholarum

1077 2093 1204 2125 Piarum
1223 2093 1352 2125 Jesuitis
1371 2093 1402 2125 in
1422 2093 1512 2126 Polo-

1078 2138 1130 2169 nia
1151 2137 1307 2169 conflatur
1327 2138 1454 2170 invidia.

1060 2405 1136 2436 1671
1172 2404 1206 2436 B.
1241 2404 1425 2443 Stanislaus,
1460 2415 1513 2445 pa-

1079 2452 1182 2481 tronus
1203 2449 1288 2490 regni
1311 2449 1456 2481 Poloniae.

1060 2583 1135 2614 1671
1152 2583 1219 2614 Rex
1233 2582 1369 2614 Poloniae
1380 2582 1514 2614 Michael

1079 2627 1158 2659 festo
1203 2627 1240 2659 B.
1283 2626 1431 2658 Stanislai
1480 2626 1512 2658 in

1081 2671 1196 2712 templo
1206 2671 1436 2703 &hommensis
1447 2671 1513 2712 plu-

1079 2716 1126 2747 ria
1154 2726 1242 2748 sacra
1270 2715 1393 2747 audivit
1421 2719 1454 2748 et
1480 2715 1513 2747 in

1080 2760 1280 2802 &prandium
1292 2759 1523 2801 sumpsitMen·

1080 2815 1111 2836 se
1140 2804 1315 2846 Septembri
1345 2804 1391 2836 bis
1420 2804 1452 2836 in
1481 2806 1512 2837 C.

1079 2849 1191 2890 hospes
1212 2849 1323 2881 fuerat.

1258 3114 1316 3145 224

1560 493 1747 534 Cranganor,
1767 493 1891 532 Coulao,
1911 494 2023 532 Ceilao,
2042 494 2162 532 Manar,

1560 538 1768 579 Jafanapatas
1791 542 1865 576 etc.;
1889 538 2060 580 complures
2083 539 2165 570 Socii

1559 582 1731 613 Provinciae
1762 582 1937 614 Cocinensis
1972 583 2021 623 (=
2061 583 2164 614 Mala-

1561 626 1680 667 baricoe)
1702 626 1826 658 exulare
1847 627 1948 658 coacti
1968 630 2051 658 sunt.
2093 627 2165 659 Per—

1560 670 1667 702 stitere

1561 723 1592 764 1)
1608 723 1641 754 in
1660 732 1714 754 ora
1730 723 1940 754 Travancoria
1956 723 2017 755 ΡΡ.
2038 724 2076 755 10
2094 734 2164 756 cum

1610 767 1743 799 ecclesiis
1759 768 1797 798 48
1807 771 1839 799 et
1849 767 2025 799 christianis
2041 769 2164 807 20.000;

1562 821 1593 861 2)
1610 820 1642 851 in
1668 830 1723 852 ora
1746 820 1920 852 Piscatoria
1943 821 2003 853 ΡΡ.
2031 822 2069 852 10
2094 832 2165 853 cum

1610 864 1744 896 ecclesiis
1753 865 1790 896 16
1806 869 1838 897 et
1854 865 2029 897 christianis
2040 866 2164 903 25.000;

1560 918 1592 959 3)
1609 918 1641 949 in
1659 918 1789 949 Marava
1805 918 1821 949 1
1841 918 1875 950 P.
1895 929 1965 950 cum
1984 918 2118 951 ecclesiis
2135 919 2164 957 3,

1610 962 1785 994 christianis
1806 963 1898 1000 1000;

1561 1016 1593 1057 4)
1610 1016 1642 1047 in
1659 1016 1789 1047 Madure
1806 1016 1867 1047 ΡΡ.
1887 1017 1925 1047 10
1943 1026 2013 1048 cum
2031 1016 2165 1049 ecclesiis

1609 1060 1648 1091 32
1667 1064 1699 1092 et
1713 1060 1888 1092 christianis
1904 1061 2027 1099 40.000;

1561 1114 1594 1155 5)
1610 1113 1642 1145 in
1665 1114 1768 1145 Tanor
1790 1115 1806 1145 1
1829 1114 1863 1146 P.
1887 1124 1958 1146 cuni
1980 1115 1998 1146 2
2020 1114 2166 1155 ecclesiis,

1611 1158 1673 1190 chr.
1696 1159 1788 1196 200ος

1562 1211 1593 1252 6)
1614 1211 1646 1242 in
1659 1210 1866 1242 Ambalacata
1876 1211 1937 1243 ΡΡ.
1951 1211 1978 1249 4,
1991 1211 2126 1244 ecclesiae
2137 1213 2164 1244 2.

1543 1335 1621 1366 1666
1647 1334 1785 1366 Jacobus
1812 1334 1990 1376 Marquette
2016 1336 2048 1376 (ἢ
2075 1336 2166 1377 1675)

1562 1379 1773 1411 missionarius
1794 1379 1827 1410 in
1849 1379 1985 1411 Canada.

1543 1602 1738 1633 1666-1722
1766 1601 1939 1642 imperator
1962 1604 2110 1639 Kang-Hi
2135 1602 2166 1633 in

1563 1645 1662 1677 China
1694 1645 1745 1686 (cf.
1770 1646 1835 1678 177.
1870 1646 1941 1687 185)
1973 1647 2102 1679 Jesuitis
2135 1651 2167 1678 et

1566 1690 1758 1721 Ferdinamlo
1780 1691 1806 1721 V
1808 1690 1910 1722 erbiest
1929 1691 2103 1732 specialiter
2121 1691 2166 1722 fa-

1563 1738 1617 1766 vet
1645 1745 1778 1776 eumque
1806 1735 1898 1776 jussit
1927 1735 2073 1776 perficere
2102 1746 2167 1767 cor-

1562 1779 1730 1811 rectionem
1766 1779 1939 1811 Calendarii
1974 1779 2166 1812 elaboratam

1563 1823 1602 1855 ab
1624 1823 1746 1856 Adamo
1768 1823 1880 1856 Schall.

1545 2002 1622 2033 1668
1646 2003 1687 2033 Μ.
1711 2001 1743 2033 in
1766 2001 1874 2033 insulis
1898 2001 2064 2034 Marianis.

1546 2180 1622 2211 1670
1643 2179 1692 2211 ιΙο.
1715 2179 1753 2210 (10
1775 2179 1879 2211 Britto
1900 2179 1932 2211 in
1954 2179 2076 2211 Indiam
2098 2189 2168 2221 pro—

1564 2223 1722 2255 ficiscitur.

1681 2429 1722 2453 Pr.
1740 2428 1944 2459 thppinarum
1961 2428 2036 2454 1⁶71.

1602 2482 1629 2507 c.
1644 2481 1668 2507 S.
1687 2480 1783 2515 Ignatii
1797 2479 1909 2512 Manilae,
1924 2480 1950 2507 S.
1966 2480 2084 2515 Josephi,
2100 2481 2147 2508 Ca·

1570 2516 1679 2547 vitense,
1702 2515 1868 2547 Arevalense,
1889 2516 2057 2548 Zebuanum;

1602 2562 1668 2592 pr.
1686 2560 1711 2587 S.
1731 2560 1814 2591 Petri;

1603 2607 1634 2631 D.
1654 2604 1679 2631 S.
1701 2604 1788 2631 Crucis
1808 2604 1835 2630 in
1854 2604 1981 2630 suburbio
2000 2604 2147 2636 Manilensi,

1568 2641 1594 2667 S.
1616 2640 1749 2666 Michaelis
1770 2639 1815 2670 ib.,
1837 2640 2076 2674 Man'nduquensis,
2098 2641 2148 2667 Ilo-

1568 2676 1666 2711 gensis;
1686 2677 1721 2702 Μ.
1739 2675 1812 2706 Sia0;

1602 2722 1634 2746 R.
1655 2719 1826 2753 Antipolana‚
1848 2719 1998 2751 Silanensis,
2020 2720 2148 2751 Boolana,

1569 2756 1713 2790 Dapitana,
1720 2755 1877 2790 Dagamina,
1883 2755 2072 2790 Cariganens1s,
2083 2755 2148 2782 Gad-

1570 2792 1708 2826 balogana,
1734 2791 1911 2826 Ealapagana,
1936 2791 1964 2817 in
1984 2791 2079 2817 Insulis
2099 2791 2148 2818 La-

1568 2829 1684 2854 tronum.

1719 2874 1777 2900 Sac.

1718 2908 1804 2936 Schol.

1719 2944 1799 2972 Goad.

1881 2874 1912 2900 71

1881 2910 1913 2936 15

1880 2945 1913 2972 15

1931 2874 1947 2979 }
1965 2909 2013 2936 101

1823 3113 1882 3146 225
