2372 3550
114 298 273 335 Hispania,
294 297 453 327 Lusitania
599 297 774 333 Germania,
795 298 935 334 Belgium

1119 298 1241 335 Anglia,
1262 297 1390 328 Polonia

1668 299 1829 330 missiones
1849 300 1967 331 exterae

46 425 124 456 1718
162 424 276 466 Magno
327 433 397 455 oum
436 422 510 454 vitae

67 468 242 501 discrimine
259 467 339 500 Socii
357 469 387 499 C.
407 467 509 499 Baba-

67 513 147 545 ensis
172 516 204 544 et
230 511 435 553 Verqariensis
460 515 509 543 tu-

65 556 266 589 multuariam
332 555 510 588 Cantabriei

65 600 173 643 populi
188 600 371 633 seditionem
386 599 509 641 placare

65 645 240 682 studentes,
252 644 373 686 probris
384 644 508 686 quidem

65 693 97 722 et
113 689 215 727 minis,
233 689 296 720 imo
314 692 345 721 et
360 688 509 730 graviori—

65 733 122 765 bus
152 733 371 765 vexationibus
402 733 509 765 affecti

64 778 200 816 fuerunt,
219 781 361 809 attamen
378 777 410 809 id
428 787 508 809 asse-

64 821 138 860 cuti,
160 826 196 853 ut
216 821 355 863 plurimis
375 822 508 863 proceri·
542 822 618 853 1722
627 822 996 863 CiviumAuyustanomm

64 866 131 905 bus,
144 866 196 907 qui
218 876 282 907 prae
304 866 412 898 ceteris
436 866 506 898 odio
560 866 763 908 Congregatio
783 866 925 898 Mariana
944 877 993 898 su-

63 914 162 949 erant,
175 910 207 942 in
220 914 325 942 tutum
338 910 505 949 collocatis,
559 920 617 951 pra
627 910 706 942 3500
718 910 838 943 sodales
850 921 992 942 numera-

63 954 223 996 paueiores
236 959 338 986 essent
350 965 448 993 neces,
461 955 507 986 in·
561 954 616 987 bat
626 959 657 986 et
667 955 807 986 formulae
816 955 992 987 renovatio-

63 999 182 1037 cendia,
206 999 331 1040 rapinae.
559 999 591 1030 ni
628 999 806 1031 triduanam
843 999 993 1041 praemisit

559 1043 814 1076 reeolleetionem.

126 1328 169 1354 Pr.
185 1328 328 1354 LusItanlae
346 1328 422 1353 1720.

93 1372 156 1403 Dpr.
165 1371 192 1398 S.
204 1370 289 1397 Roehi
299 1370 488 1405 Ulyssiponen-

60 1406 104 1438 sis,
120 1406 194 1433 Villae
210 1406 323 1438 Vieosae;

93 1452 160 1483 pr.
182 1450 407 1485 Ulyssiponensis;

93 1494 487 1526 c.Conimbrieense,Eborense,

61 1530 267 1565 Ulyssiponense
285 1530 311 1558 S.
322 1530 441 1562 Antonii,
461 1533 489 1557 et

60 1565 96 1593 ib.
116 1566 141 1593 S.
163 1565 281 1597 Xaverii,
300 1566 488 1598 Braeharense,

61 1602 215 1633 Parmense,
224 1601 420 1636 Brigantinum,
427 1602 488 1628 Sea-

59 1637 217 1669 labitanum‚
227 1636 418 1669 Cetobrieense‚
426 1638 488 1664 Por-

60 1673 215 1708 talegrense,
265 1672 388 1705 Elvense,
439 1673 488 1699 Be-

62 1708 144 1743 jense,
152 1708 487 1740 Farense.Portimanense‚

61 1745 203 1779 Angrense.
213 1744 239 1771 S.
249 1744 393 1776 Michaelis,
403 1744 488 1778 Faya-

59 1779 140 1811 leuse,
162 1779 352 1812 Funebalense,
374 1780 488 1815 Angola-

60 1823 134 1847 num,
168 1815 334 1842 Seminarum
359 1815 488 1842 Hiberno-

60 1859 120 1878 rum
138 1850 357 1886 Ulyssiponense;

93 1896 127 1922 R.
150 1895 310 1927 Canalensis,
334 1895 360 1923 S.
386 1895 488 1928 Felicis

61 1930 87 1958 S
103 1930 215 1958 Joannis
228 1930 260 1957 de
270 1916 353 1966 loligis
369 1930 488 1958 Vallibus

60 1966 87 2008 S.
105 1966 178 1993 Petri
194 1966 227 1993 de
245 1966 370 1998 Pedrozo
388 1967 414 1994 S.
432 1967 488 1994 Ma-

60 2001 105 2029 riae
130 2001 163 2028 de
188 2001 327 2037 Garquere,
352 2003 488 2044 Lapensis,

62 2037 142 2065 Passo
158 2037 191 2064 de
206 2037 303 2070 Sousa3
319 2040 347 2065 et
360 2038 388 2065 in
403 2038 488 2065 Masa-

61 2073 170 2108 gonensi
188 2081 254 2101 arce.

269 2109 320 2136 350

338 2109 354 2214 }
372 2145 422 2172 696

582 1915 624 1940 Pr.
633 1915 718 1940 Rheni
730 1915 873 1946 super-loris
883 1916 959 1942 1⁷28.

556 1967 583 1994 C.
601 1967 884 2003 Asehafienburgense‚

556 2007 583 2034 G.
602 2006 732 2039 Badense,

556 2047 583 2074 C.
603 2047 806 2082 Bambergense,

556 2087 583 2114 C.
603 2087 766 2119 Erfurtense,

556 2127 583 2153 C.
602 2126 785 2162 Etlinganum,

556 2167 583 2194 C.
602 2166 733 2193 Fuldense
754 2170 781 2194 et
801 2168 870 2196 Sem.
894 2169 984 2196 Ponti-

600 2202 702 2234 tioium,

555 2242 582 2269 C.
602 2242 784 2277 Hagmoenss,

555 2283 583 2309 C.
602 2282 832 2318 Heidelbergense,

556 2323 583 2350 G.
602 2322 889 2358 Heiligenstadianum,

555 2363 583 2389 G.
602 2362 802 2398 Herbipolense,

556 2403 583 2430 C.
601 2402 788 2437 Moguntinum
804 2405 832 2430 et
846 2403 929 2438 pr..

556 2442 583 2470 G.
602 2442 812 2475 Molsheimense,

555 2482 583 2508 C.
602 2482 802 2514 Selestadiense.

555 2522 582 2549 C.
601 2522 734 2556 Spirense,

555 2562 582 2589 C.
601 2562 803 2594 Wormatiense,

556 2602 587 2629 R.
602 2601 860 2635 Boekenheimensis,
872 2603 897 2630 N
900 2606 984 2630 eosta-

604 2637 709 2669 diensis,
721 2638 920 2671 Otterswirana,
931 2639 985 2666 Ru-

603 2673 748 2705 beaeensis;

555 2713 590 2740 M.
608 2713 813 2740 Manheimensis
846 2716 874 2741 et
899 2714 985 2742 Wetz-

606 2748 733 2776 lariensis.

834 2793 850 2898 }
868 2829 916 2856 431

143 2108 202 2136 Sao.

143 2144 230 2171 Schol.
270 2145 321 2171 200

144 2180 224 2207 Goad.
270 2181 321 2207 146

639 2793 697 2820 Sao.
766 2793 816 2820 214

639 2828 725 2855 Schol.
767 2829 816 2856 105

639 2863 720 2892 Gom.
767 2865 816 2891 112

254 3084 313 3117 286
739 3086 797 3118 287

1028 425 1113 456 1716.
1125 423 1255 456 Octobri
1264 423 1438 456 celebratur
1446 424 1478 456 in
1513 425 1599 457 1718.
1626 425 1673 457 28.
1699 425 1778 468 Aug.
1804 425 1824 467 †
1847 427 1982 458 Thomas
2005 428 2042 458 de
2065 428 2135 458 cre-

1046 470 1077 501 c.
1104 468 1324 500 Jaroslaviensz‘
1350 468 1478 501 Beatifi-
1531 471 1615 507 vssly,
1644 469 1859 502 celeberrimus
1886 480 1943 512 per
1969 471 2009 502 33
2037 481 2135 504 annos

1046 512 1128 545 catio
1149 512 1305 544 Francisei
1327 513 1428 555 Regis.

1028 646 1117 677 Intra
1136 645 1332 677 1718—1723
1350 647 1399 679 Pr.
1419 646 1478 678 Ρο-

1046 689 1135 721 loniae
1152 689 1300 728 obtinuit,
1318 694 1354 721 ut
1366 689 1479 731 palati-

1046 744 1099 766 um
1139 734 1353 772 Varsaviense,
1395 734 1479 775 quod

1046 778 1207 819 episeopus
1219 777 1384 816 Plocensis,
1398 779 1476 811 Lud.

1046 822 1180 860 Zaluski,
1218 822 1277 863 ipsi
1316 823 1477 861 offerebat,

1046 867 1150 908 potius
1168 868 1216 899 Pr.
1234 867 1407 899 Isithuanioe
1425 867 1479 899 do-

1045 915 1181 949 naretur,
1224 921 1358 953 quaeum
1399 912 1480 944 cirea

1046 956 1213 997 terragium
1253 956 1457 988 Varsaviense

1046 1000 1173 1032 tandem
1197 1000 1362 1032 conventio
1385 1000 1479 1033 felici-

1046 1048 1095 1077 ter
1118 1044 1204 1077 faeta
1228 1048 1283 1077 est.

1026 1178 1112 1210 1719.
1125 1178 1171 1210 26.
1184 1177 1247 1210 Jul.
1261 1177 1408 1211 Incendio
1419 1189 1489 1210 con-

1046 1226 1207 1264 sumptum
1241 1226 1289 1254 est
1322 1226 1425 1255 totum
1448 1224 1479 1255 C.

1046 1267 1239 1299 Graaeoviense
1259 1277 1329 1298 eum
1350 1267 1477 1309 templo,

1046 1311 1134 1352 eujus
1154 1311 1296 1353 sequenti
1315 1322 1397 1344 anno
1417 1322 1479 1344 me-

1045 1355 1104 1388 lior
1125 1356 1226 1388 forma
1246 1356 1389 1398 assurgit.

1028 1490 1104 1522 1719
1126 1489 1237 1521 Petrus
1259 1489 1282 1521 Ι.
1309 1493 1480 1532 „magnus“

1047 1533 1275 1566 eonsilioCaroli
1281 1534 1335 1566 VI.
1343 1534 1480 1566 Jesuitas

1047 1582 1141 1611 vocat
1151 1578 1183 1610 in
1197 1578 1351 1617 Russiam,
1364 1583 1398 1611 at
1409 1589 1479 1611 eum

1047 1633 1109 1654 non
1122 1623 1271 1664 juvarent
1284 1623 1350 1664 ejus
1364 1623 1480 1655 maehi-

1047 1667 1198 1705 nationes.
1213 1671 1246 1699 et
1258 1667 1396 1699 amicitia
1408 1678 1479 1700 cum

1048 1711 1157 1743 Carolo
1184 1711 1373 1750 turbaretur,
1405 1722 1479 1744 mox

1048 1756 1161 1788 iterum
1190 1766 1241 1788 eos
1273 1756 1358 1788 abire
1380 1756 1479 1798 jubet.

1028 1890 1106 1922 1720
1126 1889 1257 1932 Aliquot
1277 1890 1397 1923 fruetus
1419 1890 1480 1932 spi-

1047 1934 1174 1966 rituales
1218 1934 1399 1967 missionum
1443 1945 1481 1967 ex

1047 1980 1097 2012 Pr.
1118 1978 1304 2011 Lithuanioe:

1047 2031 1208 2063 Conversi:

1076 2094 1114 2116 ex
1135 2085 1375 2117 Lutheranismo
1424 2086 1480 2117 137

1076 2139 1114 2161 ex
1135 2129 1324 2162 Calvinismo
1443 2131 1479 2162 11

1076 2183 1114 2205 ex
1135 2174 1303 2206 schismate
1423 2175 1481 2207 166

1047 2222 1080 2250 et
1090 2218 1108 2250 3
1119 2218 1191 2260 pagi
1201 2228 1271 2251 eum
1288 2218 1479 2261 presbytero,

1076 2272 1114 2294 ex
1135 2263 1299 2296 ,ludaismo
1462 2264 1480 2296 6

1134 2307 1374 2340 Mohametanus
1463 2309 1479 2340 1

1135 2351 1248 2384 nullius
1269 2352 1343 2385 fidei
1442 2353 1480 2385 19

1136 2400 1289 2437 apostatae
1461 2398 1480 2429 8

1047 2511 1259 2544 Confessiones
1281 2512 1397 2545 auditae

1239 2565 1377 2604 374‚320‚

1047 2618 1085 2640 ex
1116 2608 1228 2650 quibus
1259 2610 1296 2641 15
1303 2610 1361 2641 848
1391 2614 1481 2642 erant

1046 2653 1212 2695 generales.
1250 2654 1338 2695 (Haee
1355 2659 1387 2686 et
1402 2654 1480 2687 mul-

1048 2701 1082 2729 ta
1099 2697 1161 2730 alia
1177 2698 1286 2730 scribit
1302 2698 1480 2731 Provincia-

1046 2741 1084 2774 lis
1093 2741 1141 2774 Al.
1152 2742 1284 2775 Sawicki
1294 2743 1334 2775 ad
1343 2743 1374 2776 S.
1386 2743 1479 2786 Cong.

1047 2786 1085 2818 de
1110 2796 1197 2828 prop.
1223 2787 1287 2819 fide
1312 2788 1359 2820 22.
1385 2787 1478 2820 Mart.

1224 3087 1283 3120 288

1530 513 1741 546 missionarius
1766 514 1799 547 in
1824 514 1926 547 insula,
1952 515 2108 556 anenna.

1512 824 1588 856 1721
1610 824 1659 856 Jo.
1681 824 1823 857 Ambros.
1845 824 2060 864 Mezzabarba‚
2081 836 2136 858 no-

1532 878 1589 899 vus
1605 868 1725 910 legatus
1740 869 1772 900 in
1788 869 1897 907 Chim,
1914 869 2040 902 decreta
2055 870 2137 902 eirca

1532 912 1695 944 defunctos
1714 918 1746 945 et
1763 913 1946 946 Confueium
1965 914 2134 956 mitigavit.

1531 957 1575 988 At
1602 956 1789 989 Benedictus
1817 958 1904 991 XIV.
1932 958 2136 1000 mitigationi-

1532 1001 1589 1033 bus
1622 1001 1795 1043 reprobatis
1824 1002 1916 1044 plane
1949 1003 2136 1065 condemna-

1532 1046 1581 1077 vit
1600 1046 1676 1078 istos
1697 1046 1786 1079 ritus.

1513 1313 1589 1344 1722
1610 1313 1720 1345 Pekini
1740 1313 1896 1356 degebant
1915 1314 1997 1346 Sooii
2016 1314 2136 1347 missio-

1533 1357 1611 1389 narii
1628 1358 1676 1395 17,
1695 1358 1834 1391 Cantone
1853 1359 1900 1396 16,
1919 1358 2019 1391 Maeai
2037 1360 2085 1397 10,
2103 1359 2135 1391 in

1532 1402 1701 1443 provinciis
1724 1403 1770 1434 21.

1515 1623 1551 1655 In
1580 1623 1707 1656 Gamala
1732 1624 1917 1666 gubernium
1945 1625 2046 1658 debile
2073 1636 2135 1658 non

1533 1668 1629 1700 audet
1646 1669 1766 1711 exequi,
1785 1679 1854 1711 quae
1869 1671 1977 1702 Petrus
1992 1672 2041 1703 Fr.
2058 1672 2137 1703 Xav.

1532 1714 1713 1745 charlevoix
1734 1718 1900 1756 peragrata
1923 1718 1993 1747 tota
2015 1714 2137 1747 colonia

1532 1761 1737 1799 proposuerat
1772 1758 1812 1790 ad
1848 1769 1916 1791 eam
1951 1769 2137 1801 promoven-

1533 1802 1616 1833 dam.

1516 2023 1552 2055 In
1583 2024 1691 2057 Persia
1727 2025 1810 2057 Seha
1839 2025 1937 2057 Nedir
1963 2025 2024 2058 ΡΡ.
2054 2026 2084 2058 S.
2105 2025 2135 2058 J.

1534 2069 1678 2110 protegit.
1717 2069 1794 2101 Post
1811 2070 1849 2101 25
1867 2080 1964 2102 annos
1982 2070 2136 2102 missionis

1534 2113 1780 2146 numerabantur
1810 2115 1939 2146 400000
1969 2114 2135 2147 catholieo-

1534 2167 1612 2190 rum.

1514 2380 1601 2412 1723.
1628 2380 1676 2412 23.
1703 2379 1765 2412 Jul.
1792 2390 1846 2422 eps
1872 2380 2043 2423 Bugiensis,
2069 2381 2135 2413 Vie.

1534 2428 1634 2466 apost.
1654 2424 1825 2457 Cocincimz
1841 2424 1874 2457 in
1890 2424 2004 2457 litteris
2021 2425 2062 2457 ad
2079 2425 2137 2457 Pa-

1532 2478 1605 2510 pam
1638 2468 1749 2501 laudat
1782 2469 1891 2508 zelum,
1926 2469 2135 2502 obedientiam

1533 2523 1605 2555 erga
1620 2513 1883 2546 Constitutionem
1899 2514 1970 2553 „Ex
1984 2513 2038 2546 illa
2052 2513 2135 2552 die“‚

1533 2561 1566 2589 et
1587 2557 1774 2598 patientiam
1798 2568 1924 2590 suorum
1946 2558 2137 2591 missionari-

1532 2611 1618 2633 orum
1634 2601 1667 2634 S.
1686 2601 1719 2634 J.
1737 2602 1820 2634 inter
1837 2602 1939 2635 multa
1955 2602 2047 2641 mala,
2068 2613 2137 2645 qum

1532 2646 1591 2687 ipsi
1634 2646 1717 2688 passi
1758 2650 1833 2678 sunt
1874 2657 1893 2678 a
1935 2646 2136 2680 missionariis

1531 2690 1630 2733 gallis

1787 3090 1846 3123 289
