2372 3550
306 326 314 332 .
381 325 389 332 .
743 284 755 285 ἶ
811 300 928 329 summi
949 299 1126 334 Pontifices,

275 326 411 356 Histona
431 324 690 360 contemporanea
802 344 925 374 Litterae
946 343 1131 380 Apostolicae

1246 320 1379 350 Societas
1405 320 1479 349 Jesu
1499 320 1532 350 in
1553 321 1666 350 Russia
1717 287 1738 395 j

1909 320 2008 357 Italia,
2028 320 2126 350 Gallia

206 454 283 485 1799
309 453 329 495 †
355 452 503 494 Georgius
530 450 746 492 Washfflgton,

224 498 342 540 primus
368 506 479 538 praeses
505 495 654 528 statuum
680 494 747 526 uni-

225 546 330 574 torum
353 541 503 573 Americae
528 543 677 581 septentr.

1204 492 1328 524 lebrant
1353 493 1447 524 111.
1480 492 1716 533 Congreget-

1204 537 1369 568 tionem
1387 545 1556 568 russam
1577 535 1717 577 eligendo

1206 581 1233 613 1.
1251 580 1325 613 Feb.
1342 582 1540 612 Franciscum
1549 582 1717 613 xaverium

1205 625 1359 657 Kareu
1395 625 1427 666 (†
1457 625 1505 656 30.
1538 624 1601 657 Jul.
1627 625 1717 666 1802)

1205 669 1363 701 Vicarium
1416 669 1609 708 Generalem,
1665 669 1718 711 qui

1203 724 1260 756 per
1288 713 1388 745 Breve
1416 713 1493 745 1801
1523 717 1644 746 creatus
1671 717 1718 745 est

1206 758 1498 799 ‚‚Ge11e1·alis“.

204 898 280 930 Gan.
326 896 464 938 Napoleo
507 895 678 936 Bonapars,
722 894 746 926 Ι.
1185 891 1385 925 Decreta:

225 942 350 1029 ξὲἓῒηέῐ
365 939 664 1018 1ἒὲῌῖὲ8ἳ4ἔοἓῗ]
672 938 749 1014 ΙΞᾘ
1184 954 1207 979 1.
1226 952 1352 1020 ξὲἲηξξξίῑ
1363 952 1504 979 admittere
1514 952 1648 987 stipendia
1658 952 1719 978 mis-

226 1032 258 1073 (†
273 1032 301 1064 5.
319 1030 394 1072 Maj.
414 1030 513 1071 1821).
1186 1041 1210 1068 2.
1228 1041 1422 1068 confirmantur
1442 1041 1549 1068 decreta
1570 1042 1603 1068 de
1624 1041 1719 1076 spiritu

1227 1076 1357 1111 religioso,
1378 1077 1437 1103 vita
1457 1078 1591 1104 communi
1612 1079 1639 1104 et
1660 1086 1719 1112 pro—

1227 1112 1358 1175 ffiliaggione
1382 1113 1517 1139 tractandi
1541 1113 1649 1148 negotia
1673 1121 1719 1148 po-

781 1474 983 1503 1800--1823
997 1473 1070 1504 Pius
1086 1473 1153 1503 Vll,
1176 1468 1254 1499 1800
1274 1468 1390 1500 Paulus
1413 1468 1437 1501 I.
1472 1469 1570 1501 tradit
1591 1469 1720 1501 Jesuitis

1207 1512 1360 1554 templum
1391 1513 1422 1545 S.
1455 1513 1633 1546 Catharinae
1663 1514 1721 1545 Pe-

1207 1557 1331 1598 tropoli,
1354 1557 1408 1589 ubi
1430 1562 1568 1599 coeptum
1591 1562 1639 1590 est
1660 1560 1692 1591 Ο.

206 1477 283 1508 1801
306 1476 374 1507 Pax
397 1473 634 1506 Lunavillensis.

206 1654 354 1687 1801.15.
367 1653 430 1686 Jul.
443 1652 673 1685 Concordatum
686 1651 748 1683 Na·
782 1650 869 1682 1801.
890 1651 916 1683 7.
935 1650 1029 1682 Mart.
1049 1649 1156 1681 Catho-

225 1699 362 1741 poleonis
394 1708 464 1730 cum
494 1697 583 1739 Papa
612 1696 749 1738 (articuli
802 1695 867 1727 zieoe
884 1694 971 1735 fidei:
990 1694 1156 1726 Societatis

227 1743 361 1786 organici
370 1742 393 1785 1)
801 1740 834 1771 in
853 1739 966 1771 Russia
982 1748 1038 1781 per
1055 1739 1156 1771 Breve

802 1784 987 1826 approbatio
1021 1786 1053 1815 et
1085 1793 1157 1815 con-

801 1828 950 1861 fimatio.

209 2055 298 2088 Russ.
312 2053 489 2086 Alexander
502 2053 526 2086 I.
541 2052 748 2085 1801—1825.
1188 2049 1275 2082 1802.
1318 2050 1389 2084 IV.
1431 2050 1720 2092 Congregatio

1210 2093 1461 2127 Polocensis
1485 2095 1532 2127 10.
1564 2094 1634 2127 Oct.
1663 2094 1722 2127 ele-

1207 2137 1255 2179 git
1292 2137 1474 2171 Generalem
1512 2149 1569 2181 pro
1608 2139 1723 2171 Russia

1207 2185 1380 2216 Gabrielem
1414 2182 1586 2217 Gruber
1614 2184 1647 2226 (†
1667 2184 1715 2216 26.

1208 2226 1302 2260 Mart.
1321 2227 1422 2270 1805).

1187 2315 1387 2351 Decreta:

1184 2376 1208 2403 1.
1227 2376 1326 2404 Gratiae
1345 2378 1455 2412 agendae
1474 2378 1532 2405 Deo
1552 2380 1580 2405 et
1598 2377 1725 2405 Pontifici

1231 2421 1279 2448 pro
1302 2414 1505 2441 confirmatione
1525 2414 1553 2440 in
1575 2414 1679 2441 Russia.

208 2455 295 2487 1802.
307 2455 354 2487 23.
365 2454 440 2496 Maj.
450 2453 584 2495 †Franc.
592 2452 750 2492 X.Feller,
781 2450 1153 2484 1803.15.Jan.PiusVH.
1186 2467 1210 2494 2.
1229 2465 1349 2493 satisfiat
1383 2466 1518 2493 voluntati
1553 2467 1725 2502 Imperatoris

227 2499 332 2541 Exjes.
351 2499 490 2540 Scn'ptor
508 2497 658 2539 copiosus.
800 2495 977 2538 gratulatur
1012 2494 1156 2528 Generali
1226 2501 1358 2529 tradendo
1372 2502 1513 2529 seientiam
1527 2503 1555 2529 in
1568 2503 1664 2530 scholis
1676 2503 1725 2529 lin-

801 2541 831 2573 S.
849 2541 879 2573 J.
896 2540 929 2572 in
946 2540 1068 2572 Russia.
1226 2546 1280 2572 gua
1294 2545 1378 2565 tussa.

209 2810 296 2842 1802.
315 2810 362 2842 12.
380 2809 459 2850 Aug.
477 2808 496 2850 †
514 2808 684 2850 Hyacinth.
703 2808 749 2840 Si-

227 2855 315 2896 gism.
339 2853 445 2886 Gerdil
467 2853 503 2885 Ο.
529 2853 633 2892 Bam„
657 2852 747 2884 Card.

228 2899 434 2975 gssgffismus'
481 2897 645 2939 apologeta
690 2897 749 2928 Ec-

1187 2803 1337 2836 1802.12.
1353 2803 1422 2836 Oct.
1444 2803 1546 2845 Epist.
1569 2804 1721 2837 Gabrielis

1206 2848 1336 2887 Gruber,
1359 2848 1400 2880 ad
1422 2848 1515 2880 Pium
1537 2848 1609 2881 VII.

1422 3114 1481 3146 388

454 3118 515 3153 386
938 3116 997 3150 387

1186 448 1263 479 1799
1290 447 1422 479 Polociae
1448 447 1487 479 30
1513 447 1643 489 professi
1670 458 1717 480 ce·
1750 447 1827 479 1793
1860 447 2075 479 Ferdinandus
2110 447 2174 479 dux
2207 447 2282 479 Par-

1768 491 1882 524 mensis
1901 492 1967 533 (qui
1984 502 2040 533 per
2057 492 2109 523 Du
2127 491 2222 523 Tillot
2241 502 2293 524 ex-

1768 536 1892 578 pulerat
1918 536 2054 568 Jesuitas
2083 536 2174 578 1768)
2200 536 2294 578 petiit

1770 591 1789 612 a
1820 580 1989 612 Catharina
2021 581 2140 612 Russiae
2172 580 2295 622 aliquot

1769 625 1887 664 Patres,
1908 625 1957 657 cui
1974 625 2018 656 rei
2047 625 2120 656 Pius
2139 625 2193 657 VI.
2215 625 2294 657 1794

1770 679 1953 702 consensum
1973 670 2069 701 tacite
2089 669 2232 710 praebuit.

1752 1470 1800 1502 De
1829 1469 1984 1502 Societate
2012 1469 2045 1501 in
2075 1469 2169 1502 Italia
2197 1479 2297 1502 resur-

1772 1518 1864 1556 gente
1907 1518 1939 1546 et
1980 1517 2192 1546 succrescente
2234 1524 2298 1556 prae

1774 1559 1882 1591 ceteris
1893 1558 1971 1591 bene
1982 1559 2111 1590 meritus
2124 1562 2171 1591 est
2181 1558 2216 1591 P.
2230 1558 2252 1590 J
2253 1568 2297 1591 os.

1773 1604 1834 1636 Ma.
1853 1605 2024 1641 Pignatelli‚
2041 1603 2248 1645 praeparando
2264 1603 2298 1635 in

1773 1647 1877 1690 patria
1891 1647 2084 1686 candidatos,
2102 1648 2155 1689 qui
2169 1647 2203 1679 in
2218 1647 2299 1680 Rus-

1774 1693 1820 1725 sia
1837 1692 2087 1724 admitterentur.

1987 3113 2047 3146 389
