2372 3550
155 314 313 351 Hispania,
333 313 491 343 Lusitania

638 313 811 349 GermanIa,
833 312 971 348 Belgium

1156 312 1278 348 Anglia,
1299 312 1426 342 Polonia

1704 309 1863 338 M1ssiones
1884 308 2000 337 exterae

88 443 164 474 1587
184 443 261 478 pr.
281 439 484 480 Hispalensis.

582 439 658 470 1587
681 439 774 471 Sedes
796 439 978 471 Monasterii
999 439 1032 470 in

601 483 765 522 Vestfalia;
802 485 832 516 G.
867 484 1033 515 inchoatur

601 528 679 559 1588
704 528 835 560 Rectore
859 528 952 560 Petro
976 528 1032 559 Mi-

88 575 164 607 1588
187 573 268 606 Socii
290 572 473 605 incarcerati
496 572 549 604 ab·
601 572 714 604 chaele.

107 619 271 651 solvuntur
281 617 320 649 ab
333 616 547 658 Inquisitione.

108 663 176 695 Rex
190 662 261 694 vult
275 661 461 694 Societatem
478 660 549 692 visi-

108 707 169 739 tari
184 717 240 749 per
258 707 446 748 episcopum,
466 705 549 747 quod

108 756 214 784 tamen
246 751 365 783 factum
396 760 459 782 non
492 753 548 781 est.

89 885 175 917 1588.
192 885 229 916 In
242 884 342 916 lucem
355 883 461 925 prodit
473 883 551 914 fiber

107 929 252 961 Dudovioi
274 928 404 960 Molinae
426 928 461 959 de
484 938 550 959 con-

108 973 209 1006 cordia
227 973 331 1014 qratiae
352 976 377 1004 et
398 972 483 1004 liberi
504 982 550 1003 ar-

108 1018 200 1057 bitrii,
224 1017 415 1059 approbatus
438 1017 477 1048 ab
501 1017 551 1048 In-

108 1062 274 1105 quisitione
288 1062 449 1100 Lusitana,
465 1060 551 1093 obni-

108 1111 195 1140 tente
229 1106 347 1138 frustra
382 1105 549 1143 Bannesio;

109 1162 201 1194 quem
221 1151 335 1183 librum
357 1150 464 1182 multae
483 1149 552 1182 reli-

107 1197 212 1238 giones
253 1199 285 1228 et
324 1194 551 1227 Universitates

107 1241 272 1273 laudantes
294 1239 550 1280 comprobabant.

108 1284 307 1317 Dominicani
333 1288 468 1321 tantum,
495 1293 551 1315 nec

110 1330 184 1362 ordo
201 1333 297 1367 totus,
314 1328 366 1360 sed
382 1338 454 1369 pars
471 1338 552 1369 quae-

109 1375 181 1406 dam
193 1384 262 1405 eum
273 1373 385 1405 acriter
395 1382 553 1414 oppugna-

110 1419 196 1451 bant.

91 1553 167 1585 1588
180 1551 372 1584 scholarium
384 1561 462 1592 pene
474 1551 552 1582 2000

110 1596 354 1647 frequentabant
391 1597 422 1627 C.
462 1595 552 1636 Ulys-

111 1651 280 1683 srponense.

93 1775 170 1807 1588
190 1776 221 1807 G.
241 1773 427 1806 Arevalense.

94 1953 170 1985 1589
188 1953 359 1984 Mittuntur
377 1951 554 1983 visitatores

112 1997 361 2029 Provinciarum:
377 1996 460 2028 Petr.
475 1996 500 2027 F
503 2006 556 2027 on-

114 2052 184 2074 seca
223 2041 401 2079 Lusstaniae,
443 2040 543 2082 AEgid.

113 2086 266 2119 Gonzalez
285 2085 400 2117 Davila
419 2085 559 2117 Castellae

116 2135 148 2163 et
168 2130 335 2169 Toletanae‚
356 2130 421 2162 Jos.
442 2130 559 2161 Acosta

116 2175 240 2207 Baetieae
259 2178 291 2206 et
304 2174 476 2216 Aragoniae.
499 2174 558 2205 Hic

116 2220 215 2262 primo
228 2219 352 2261 quidem
364 2218 486 2251 muneri
504 2228 558 2250 suo

116 2264 277 2302 satisfecit,
316 2263 370 2295 sed
409 2263 485 2295 1592
524 2267 560 2294 ut

117 2308 319 2350 perturbator
329 2308 503 2346 Societaffis,
515 2317 560 2339 re-

116 2353 162 2395 gis
174 2352 318 2385 catholici
329 2353 434 2385 favore
446 2352 570 2391 abusus,

681 865 723 891 Pr.
740 865 847 890 Austris
864 865 941 891 1588:

632 918 660 942 c.
693 916 848 947 Viennense,
884 916 1023 950 Pragense,

600 952 929 983 Olomucense,Graecense,
934 952 1023 978 Crum-

599 988 726 1019 loviense;

632 1034 699 1064 pr.
716 1031 867 1058 Brunensis

633 1078 669 1102 Μ.
689 1075 866 1107 Varalliensis,
885 1076 1024 1107 Sefflensis,

600 1111 830 1174 jiliglagssslaviensis¹
866 1112 1025 1138 Fflrstenfel-

666 1187 815 1214 sacerdotes
888 1187 921 1214 89

667 1225 840 1264 praeceptores
889 1223 922 1249 59

667 1258 790 1293 discipuli
889 1259 922 1285 39

668 1294 835 1328 coadjutores
889 1295 922 1356 [ἐξ

872 1375 921 1401 262

667 1330 763 1356 novitii

668 1375 737 1402 Socii

586 1549 661 1581 1588
675 1549 707 1580 in
721 1548 932 1581 controversia
946 1548 1038 1590 Baja-

605 1604 645 1625 na
682 1593 771 1625 Card.
811 1593 1038 1634 Frangipanius

605 1638 779 1671 doctrinam
818 1637 917 1669 Lessii
954 1637 1027 1679 dog-

605 1683 719 1714 matice
758 1692 821 1714 non
861 1686 1037 1723 suspectam

606 1727 753 1760 declarat.

1066 572 1142 603 1588
1169 571 1237 602 Rex
1264 570 1399 602 Polontae
1423 569 1516 611 Sigis-
1549 569 1635 601 1588.
1653 568 1689 599 In
1706 567 1927 608 Paraquarz'am
1940 566 2058 608 primus
2074 576 2090 597 e
2104 565 2168 597 S.J.

1084 615 1218 647 mundus
1238 625 1308 646 cum
1327 614 1515 646 Societatem

1084 660 1261 691 universam
1271 669 1452 700 promovere
1462 662 1526 690 stu-

1085 704 1148 742 det,
1160 708 1228 735 tum
1238 704 1374 735 maxime
1383 703 1519 745 protegit

1085 751 1116 780 C.
1139 748 1319 780 Poloctense.

1568 613 1656 645 venit
1672 613 1847 644 Leonardus
1862 612 2031 647 Arminius,
2048 610 2170 651 Neapo-

1567 657 1693 695 litanus,
1718 667 1788 688 cum
1811 657 1829 687 3
1852 656 1956 693 sociis;
1980 654 2169 687 domicilium

1568 701 1729 734 Villarioae.
1786 701 1863 732 1593
1887 699 2005 731 Alfons.
2032 699 2172 730 Barsana

1570 750 1602 778 et
1623 746 1672 778 J0.
1698 746 1849 777 Romerus
1870 744 1904 776 in
1925 743 2002 776 urbe
2022 743 2172 784 Assump-

1569 790 1671 823 t-ionis.
1700 790 1822 831 Gaspar
1835 789 2003 829 Monroyus
2018 787 2173 820 modestia

1569 835 1669 867 vincit
1683 834 1824 876 regulum
1840 833 2102 876 Omaguaeamm,
2118 841 2172 863 no-

1570 879 1652 911 mine
1671 878 1862 920 Piltipicum,
1882 882 2049 919 potestque
2069 876 2173 917 bapti-

1570 934 1639 956 zare
1659 923 1754 955 istum
1774 922 1934 964 populum.

1554 1190 1630 1222 1588
1648 1189 1760 1221 Sebast.
1780 1188 1914 1220 Morales
1932 1188 1962 1220 S.
1982 1188 2011 1220 J.
2032 1186 2175 1228 Japoniae

1573 1235 1745 1284 episeopus
1772 1233 1894 1265 Indiam
1917 1236 2026 1274 petens
2052 1231 2119 1263 obit
2141 1231 2174 1262 in

1574 1289 1656 1310 navi.

1557 1546 1633 1578 1589
1668 1545 1803 1576 Xauceae
1833 1544 1865 1575 in
1892 1543 1991 1575 China
2021 1543 2064 1575 2.=
2091 1541 2177 1574 sedes

1575 1590 1641 1622 fixa
1661 1588 1835 1622 Societatis.

1557 1723 1713 1756 Sodalitas
1739 1722 1774 1754 B.
1790 1722 1831 1754 Μ.
1847 1722 1883 1754 V.
1907 1721 2019 1763 Angrae
2033 1721 2064 1752 in
2078 1719 2180 1752 insula

1577 1767 1684 1800 Tertia
1706 1767 1850 1804 fundata,
1875 1765 1952 1798 1589
1978 1766 2085 1797 Romae
2108 1774 2180 1796 con-

1577 1812 1714 1850 firmata,
1737 1811 1855 1853 optime
1876 1810 1976 1842 floret.

591 1951 627 1982 In
639 1949 741 1991 Belgio
756 1949 902 1991 praeclara
912 1948 1040 1990 perfecit
1074 1948 1150 1980 1589
1181 1948 1318 1980 Societas
1350 1946 1441 1979 valde
1473 1956 1526 1987 op·
1560 1946 1645 1978 1589.
1675 1945 1710 1977 In
1736 1954 1829 1986 regno
1855 1944 1980 1985 Amyclae
2007 1943 2084 1975 1500
2109 1952 2180 1974 con-

1093 1992 1293 2034 pugnabatur
1314 1992 1353 2024 ab
1374 1991 1526 2023 haereticis
1579 1990 1672 2027 versi;
1687 1990 1718 2021 in
1731 1988 1867 2021 Salsetcis
1879 1989 1958 2020 3800
1971 1987 2135 2029 baptizati,
2150 1990 2182 2018 et

1093 2037 1238 2075 Poloniae‚
1255 2036 1407 2078 imprimis
1430 2046 1449 2068 a
1473 2036 1526 2067 Ηί-
1579 2037 1609 2067 C.
1632 2045 1702 2066 cum
1728 2036 1822 2065 Sem.0
1852 2033 2061 2074 conjungitur.
2086 2050 2122 2053 ——
2145 2031 2181 2062 In

609 1995 702 2026 Mart.
738 1994 892 2026 Antonius
927 1993 1039 2031 Delrio,

611 2039 664 2082 qui
689 2049 709 2071 a
733 2039 826 2070 Justo
853 2038 956 2079 Lipsio
983 2038 1041 2070 aevi

611 2084 658 2116 sui
668 2083 850 2115 miraculum
862 2083 1042 2114 nominatur

611 2129 644 2170 (†
664 2128 710 2160 19.
731 2127 800 2160 Oct.
821 2128 921 2168 1608).

593 2307 669 2339 1588
681 2305 778 2338 Sociis
790 2315 806 2337 e
818 2304 1046 2346 Transylvania

613 2350 709 2393 pulsis
724 2360 797 2382 mox
813 2349 951 2391 aperitur
965 2349 1045 2381 Mol-

119 2408 189 2430 cum
209 2397 317 2429 Toleto
338 2396 422 2438 apud
440 2396 560 2438 Papam
612 2395 711 2428 davia.
731 2413 770 2417 —·
791 2396 823 2426 C.
841 2393 1046 2426 Grumlovien-

119 2445 229 2474 contra
243 2441 444 2482 Aquavivam
462 2445 494 2473 et
511 2441 561 2472 In-
613 2450 644 2472 se
662 2439 777 2481 (Boh.).

118 2486 267 2519 stitutum
288 2485 361 2527 egit.

613 2486 644 2517 C.
668 2483 890 2516 Ratisbonense.

1093 2082 1241 2123 qens-ibus,
1264 2081 1317 2123 qui
1337 2081 1452 2122 ejectos
1472 2080 1526 2112 So-

1095 2127 1156 2158 cios
1172 2126 1270 2158 redire
1285 2126 1317 2157 in
1334 2125 1441 2157 urbem
1457 2134 1526 2166 pro-

1094 2171 1255 2203 hibebant.

1580 2089 1672 2129 regno
1689 2078 1804 2110 Arimae
1823 2078 1924 2119 (Jap.)
1948 2077 2056 2109 11.500
2080 2075 2182 2117 bapti-

1580 2129 1652 2156 zat1.

101 2620 178 2652 1590
194 2619 293 2651 Avisii
310 2618 410 2661 (Lus.)
429 2619 448 2660 †
464 2618 562 2650 Dado-
595 2618 680 2650 1590.
733 2617 769 2648 In
822 2615 1046 2657 Transylvania
1080 2615 1157 2647 1590
1174 2614 1280 2653 „Actio
1297 2613 1403 2654 equitis
1422 2613 1532 2644 Poloni
1584 2612 1661 2644 1590
1682 2611 1812 2643 Initium
1832 2613 1905 2648 Dpr.
1925 2609 2107 2641 Mexicanae.

119 2664 201 2696 vicus
218 2663 352 2701 Alvarae,
372 2673 491 2695 veneno
508 2673 563 2704 per
613 2666 700 2704 peste
727 2661 850 2694 infectis
879 2661 1046 2693 servientes
1099 2659 1238 2691 adversus
1268 2658 1423 2690 desuda&
1455 2657 1530 2689 satis

614 2708 653 2738 20
669 2717 707 2739 ex
723 2707 761 2738 30
777 2705 873 2738 Sociis
893 2705 1045 2737 obierunt.
1099 2714 1130 2736 se
1141 2704 1210 2745 ipsa
1219 2702 1388 2735 mendaciis
1398 2701 1530 2744 jugulat.

119 2709 244 2741 Judaeos
266 2708 434 2740 extinctus.

309 3107 367 3139 102

598 2840 676 2872 1590
692 2839 785 2872 Sedes
802 2838 945 2871 Hildesii.

795 3104 853 3136 103

1279 3101 1338 3134 104

1566 2923 1643 2955 1592
1663 2921 1801 2955 Societas
1821 2920 1925 2953 sedem
1944 2919 2017 2961 figit
2034 2919 2067 2960 in
2086 2917 2189 2950 insula

1586 2967 1671 2999 Chio.
1690 2985 1729 2989 —
1747 2965 1932 2998 Excurritur
1948 2964 1982 2996 in
1999 2962 2146 3003 Africam.

1840 3097 1898 3129 105
