2372 3550
1005 278 1038 314 6.
1066 276 1280 314 Missiones
1307 276 1351 314 in
1377 276 1520 326 patria.

646 373 803 408 Gallia.

290 441 543 474 Etlmundus
566 439 797 481 Anger-ius,
816 442 882 471 nat.
906 438 994 478 1530,
1016 438 1156 471 novitius
1177 439 1239 471 Ro-

146 508 149 512 ·
211 496 270 518 mae
295 485 352 518 sub
376 486 407 518 S.
434 485 568 527 Ignatio,
595 483 703 516 docuit
725 484 912 515 humaniora
941 486 974 515 et
996 483 1237 525 philosophiam,

211 530 283 562 dein
308 533 417 562 contra
440 529 571 561 haeresin
594 528 755 570 insurgens
779 528 813 560 in
837 527 950 569 patria,
977 528 1134 560 convertit
1158 528 1240 560 circa

211 576 250 606 40
261 575 320 606 000
340 574 607 611 Calvinianorum3
629 573 738 605 Galliae
758 572 1041 614 „Chrysostomus“
1062 572 1239 614 appellatus

211 619 251 652 ab
272 619 522 660 historiographo
543 617 710 650 Matthieu.
733 617 752 659 †
774 617 861 649 Comi
882 617 930 649 31.
953 616 1026 649 Jan.
1050 617 1137 649 1591.

291 674 398 703 Petrus
410 673 554 708 cotenus,
565 674 631 702 nat.
647 671 673 702 7.
686 670 779 702 Mart.
794 670 881 709 1564,
894 670 972 712 ingr.
986 670 1034 702 30.
1048 670 1134 711 Sept.
1148 670 1237 706 1583,

211 717 313 748 factus
334 720 382 748 est
402 716 529 748 Henrici
543 715 595 747 IV.
614 715 816 747 concionator
836 718 868 746 et
888 714 1094 746 confessarius
1115 718 1148 746 et
1168 724 1239 756 ope-

211 761 309 793 rarius
326 760 531 802 infatigabilis
548 760 581 791 in
600 759 711 791 Gallia.
730 759 749 801 †
767 759 893 791 Parisiis
913 759 960 791 19.
979 759 1073 791 Mart.
1093 759 1180 791 1626.

291 813 331 848 S.
343 812 604 845 Franciscus
620 812 750 854 Regis
765 812 850 853 (vide
864 812 1095 854 „Sanctos“).†
1112 812 1160 845 31.
1178 812 1239 844 De-

213 858 345 890 cembris
368 857 456 889 1640.

290 910 385 942 Arma
412 910 595 942 Franciseus
622 909 656 941 de
684 909 854 948 Beauveau,
882 913 948 942 nat.
977 910 1024 942 26.
1052 910 1132 951 Aug.
1161 910 1239 942 1617

212 956 241 987 N
243 955 348 987 oviani
360 955 393 986 in
407 954 620 996 Lotharingia,
636 958 762 986 mortua
776 955 908 996 conjuge
922 955 950 986 1.
966 954 1041 986 Jun.
1056 955 1144 993 1661,
1159 954 1237 996 ingr.

211 1000 400 1032 Societatem
422 999 536 1041 agebat
556 999 786 1031 missionarium
808 999 980 1040 simplicem
995 999 1049 1031 sed
1065 999 1239 1031 ferventem

211 1045 294 1076 inter
307 1044 440 1076 rusticos
456 1044 652 1086 Burgundiae.
669 1044 689 1085 †
703 1044 837 1076 Divione
854 1043 977 1085 (Dijon)
993 1044 1041 1076 23.
1057 1043 1133 1085 Maj.
1150 1043 1238 1076 1669.

291 1101 398 1133 Julius
438 1101 597 1140 Maunoir,
637 1104 703 1134 nat.
737 1102 815 1133 1606
848 1101 881 1133 111
911 1100 1077 1133 Britannia
1109 1101 1238 1140 minore,

212 1146 274 1223 {1}ss
275 1156 319 1223 tiz}
338 1146 425 1222 717640
452 1146 492 1178 ad
513 1146 591 1178 1683
612 1146 842 1178 missionarium
874 1146 946 1188 egit,
968 1145 989 1188 †
1008 1145 1131 1178 Plevini
1158 1156 1240 1178 anno

294 1243 473 1275 Vincentius
494 1243 598 1285 Huby,
621 1247 687 1276 nat.
711 1243 758 1276 15.
781 1243 874 1276 Mart.
899 1243 977 1276 1608
999 1243 1187 1276 Henneboni
1207 1244 1241 1276 in

215 1288 381 1320 Britannia
415 1288 544 1327 minore,
573 1288 651 1330 ingr.
681 1288 728 1320 25.
746 1289 821 1320 Dec.
848 1288 936 1327 1625,
964 1288 1096 1330 impiger
1121 1288 1242 1321 missio-

212 1333 319 1409 {Zmil}
335 1333 373 1409 inc
388 1332 554 1409 Β11ἑξο3111113,
571 1333 699 1365 111111010.
719 1333 739 1375 1-
756 1333 789 1365 111
808 1333 885 1365 urbe
903 1333 1071 1365 Venetensi
1089 1333 1241 1375 (Vannes)

257 1403 263 1410 .
321 1387 356 1409 ar
375 1403 381 1409 .
488 1404 495 1409 .

292 1432 470 1462 Honoratus
481 1432 654 1468 Chaurand‚
666 1434 732 1463 nat.
747 1431 794 1463 16.
807 1431 882 1463 Feb.
897 1430 984 1470 1615,
998 1430 1076 1473 ingr.
1091 1431 1138 1463 29.
1152 1431 1238 1472 Sept.

213 1475 300 1514 1636,
322 1475 534 1507 missionarius
555 1475 759 1517 infatigabilis
780 1476 813 1507 in
833 1475 903 1517 plus
926 1485 1021 1517 quam
1041 1476 1081 1507 90
1102 1476 1242 1508 dioecesi-

213 1520 271 1551 bus
290 1519 407 1558 Galliae,
427 1519 482 1551 ubi
499 1520 656 1552 fundabat
674 1520 732 1552 126
752 1520 882 1559 „domos
901 1519 1087 1552 charitatis“
1108 1520 1149 1552 ad
1167 1520 1241 1552 abo-

212 1564 338 1596 lendam
359 1564 621 1596 mendicationem
642 1575 756 1606 vagam
778 1568 810 1597 et
831 1565 871 1597 ad
891 1564 1047 1606 juvandos
1069 1575 1142 1597 vere
1162 1575 1241 1607 pau-

213 1619 309 1650 peres.
347 1609 547 1641 Innocentius
562 1609 638 1640 XII.
653 1609 756 1651 ipsum
774 1609 902 1641 vocavit
920 1609 1064 1648 Romam,
1083 1613 1121 1642 ut
1136 1609 1170 1641 in
1186 1619 1241 1651 pa-

213 1653 526 1730 llagioNLatirggipnsi
559 1653 622 1686 tale
656 1654 803 1686 conderet
834 1654 1016 1696 hospitium.
1039 1654 1059 1696 †
1080 1654 1241 1686 Avenione

256 1724 263 1730 .
319 1707 367 1730 OV.
473 1724 479 1730 .

293 1751 434 1783 Andreas
446 1751 602 1790 Guevarre,
618 1755 684 1784 nat.
700 1752 728 1784 3.
745 1751 807 1784 Jul.
824 1752 912 1790 1646,
927 1751 1004 1793 ingr.
1021 1752 1048 1784 8.
1066 1751 1135 1784 Oct.
1152 1752 1240 1784 1663,

215 1796 442 1837 cooperabatur
478 1796 562 1828 dicto
597 1796 686 1828 Patri
722 1800 754 1828 et
790 1796 998 1829 continuabat
1033 1806 1128 1838 opera
1162 1796 1240 1839 ejus.

215 1841 234 1883 †
253 1841 300 1873 22.
321 1840 383 1873 Jul.
403 1841 493 1873 1724.

296 1894 404 1926 Petrus
426 1893 582 1933 Medaille,
607 1897 672 1926 nat.
698 1894 725 1926 8.
750 1894 836 1936 Sept.
862 1895 949 1934 1638,
973 1894 1051 1937 ingr.
1076 1894 1163 1934 1657,
1187 1904 1243 1936 per

214 1938 253 1970 30
276 1948 373 1971 annos
395 1938 608 1971 missionarius
630 1939 663 1970 in
685 1939 866 1981 Aquitania.
889 1940 909 1981 †
931 1940 959 1971 8.
982 1940 1068 1981 Sept.
1094 1940 1180 1972 1709.

296 1991 406 2024 Franc.
427 1992 580 2023 Xaverius
600 1992 642 2024 du
663 1992 786 2030 Plessis,
813 1992 949 2030 Quebeci
968 1992 1129 2034 (Canadae)
1147 1996 1242 2025 natus

216 2036 263 2068 13.
294 2036 366 2069 Jan.
393 2036 481 2075 1694,
510 2036 587 2077 ingr.
617 2038 644 2068 7.
675 2036 747 2068 Jan.
775 2038 861 2075 1717,
892 2036 1009 2069 multas
1033 2047 1104 2069 cum
1128 2047 1242 2078 magno

215 2081 501 2158 {igugfflignlisffslmes
518 2080 658 2113 habebat
674 2081 707 2113 in
724 2081 826 2113 Gallia
844 2081 1090 2123 septentrionali.
1108 2081 1128 2124 1·
1146 2082 1164 2113 2
1181 2082 1243 2113 De-

295 2178 345 2210 Jo.
368 2177 515 2210 Nicotaus
538 2178 737 2220 Beaureyard,
760 2182 855 2211 natus
876 2179 970 2211 Metis
991 2180 1020 2212 4.
1043 2179 1094 2211 vel
1115 2180 1143 2211 2.
1165 2179 1241 2211 Dec.

217 2222 304 2261 1733,
324 2223 402 2264 ingr.
422 2222 507 2264 Sept.
529 2223 616 2262 1749,
637 2223 766 2265 insignis
785 2223 1007 2262 missionarius,
1029 2223 1243 2256 concionando

217 2267 295 2299 1789
305 2267 431 2299 Parisiis
447 2267 594 2309 praedixit
603 2278 750 2309 magnam
764 2268 882 2300 instare
898 2278 1001 2300 rerum
1019 2268 1158 2300 omnium
1175 2278 1243 2310 per-

217 2311 441 2344 turbationem.
462 2312 482 2354 †
500 2312 534 2344 in
554 2312 723 2344 Germania
742 2313 790 2345 27.
812 2312 875 2345 Jul.
898 2313 985 2346 1804.

540 2411 577 2441 In
594 2412 737 2442 restituta
758 2412 920 2443 societate.

297 2481 440 2511 claudius
462 2482 583 2518 Guyon,
607 2484 673 2513 nat.
700 2481 747 2512 18.
774 2480 837 2513 Jul.
864 2480 942 2512 1795
966 2480 1031 2522 jam
1057 2480 1242 2522 conspicuus

219 2527 286 2556 erat
305 2525 388 2556 inter
403 2524 612 2556 missionarios
629 2524 747 2564 Galliae,
766 2535 837 2557 cum
859 2525 954 2567 petiit
975 2528 1007 2557 et
1029 2525 1167 2557 obtinuit
1189 2525 1243 2557 ad-

218 2568 395 2601 missionem
409 2569 442 2601 in
456 2569 524 2601 S.J.
540 2570 587 2601 29.
601 2569 680 2601 Nov.
696 2569 784 2608 1821,
799 2569 831 2601 in
847 2579 909 2611 qua
923 2569 1130 2602 continuabat
1143 2569 1243 2601 missi-

220 2623 292 2645 ones
310 2624 380 2645 cum
398 2613 506 2645 ardore
524 2617 556 2645 et
573 2624 715 2646 successu
732 2614 993 2646 extraordinario:
1018 2614 1061 2646 sic
1078 2624 1103 2647 e.
1116 2624 1145 2655 g.
1164 2614 1242 2646 1823

220 2657 423 2689 concionatus
442 2661 490 2690 est
506 2658 669 2690 Avenione
686 2658 734 2690 bis
751 2662 838 2690 terve
857 2658 998 2700 quotidie
1014 2668 1070 2700 per
1085 2658 1243 2700 integrum

220 2712 368 2734 mensem.
398 2702 417 2744 †
432 2703 481 2734 25.
499 2702 579 2735 Nov.
597 2702 684 2734 1845.

299 2759 468 2791 Ludovicus
489 2759 604 2798 Sellier,
628 2763 694 2792 nat.
718 2760 765 2792 20.
790 2760 853 2792 Jul.
877 2761 965 2799 1772,
988 2760 1066 2802 ingr.
1091 2760 1139 2793 11.
1162 2760 1241 2802 Aug.

221 2803 307 2842 1814,
335 2807 448 2845 praeter
474 2804 596 2836 diversa
623 2804 684 2836 alia
709 2814 839 2836 munera
865 2805 929 2846 egit
954 2804 1184 2837 missionarium
1210 2805 1244 2837 in

221 2848 345 2880 dioecesi
366 2848 578 2880 Ambianensi.
621 2849 641 2890 †
662 2849 693 2881 S.
715 2848 844 2881 Acheoli
865 2850 913 2881 14.
935 2849 1029 2881 Mart.
1053 2849 1141 2881 1854.

301 2905 358 2937 His
374 2905 455 2937 adde
470 2907 630 2937 Nicolaum
646 2907 683 2937 de
698 2908 896 2944 Mac-carthy
912 2907 1032 2948 (supra)
1049 2910 1081 2938 et
1097 2906 1243 2938 Carolum

221 2949 350 2989 Gloriot,
366 2949 386 2991 †
402 2950 489 2989 1844,
507 2954 538 2982 et
553 2950 655 2991 plures
672 2950 757 2990 alios,
775 2951 828 2992 qui
849 2960 996 2992 magnam
1011 2950 1098 2982 illam
1114 2954 1147 2983 et
1167 2950 1243 2982 0010-

222 2994 308 3025 brem
344 2994 526 3026 missionum
563 2994 793 3036 expeditionem
823 2995 856 3027 111
886 2995 988 3027 Gallia
1019 2994 1243 3036 (1830-1848)

222 3038 355 3080 aggressi
376 3042 458 3071 sunt.

703 3128 762 3160 607

1673 371 1919 405 Germania.

1364 437 1414 471 Β.
1438 438 1603 470 Petrus
1627 437 1828 471 Caluisius
1848 437 1933 479 (vide
1953 436 2092 478 Beatos).
2112 436 2132 478 †
2152 436 2239 469 1597.

1362 490 1504 531 Georgius
1529 490 1659 529 Scherw,
1691 494 1756 523 nat.
1784 490 1862 522 1540
1888 489 2039 522 Schwazii
2063 489 2096 521 in
2122 489 2225 528 Tiroli,
2256 499 2312 531 per

1285 544 1383 566 annos
1406 535 1445 566 40
1468 534 1680 567 concionando
1705 535 1819 574 effecit,
1843 539 1881 567 ut
1903 534 2005 566 multa
2027 533 2126 565 millia
2147 534 2310 566 hominum

1284 579 1317 610 in
1344 578 1473 611 Austria
1501 583 1721 611 conservarent
1748 579 1845 611 fidem
1873 578 2069 611 catholicam.
2098 578 2118 620 †
2146 578 2312 620 apoplexia

1285 623 1386 655 Lincii
1405 624 1453 655 26.
1476 623 1556 656 Nov.
1578 624 1666 656 1605.

1364 678 1478 708 Paulus
1492 679 1643 708 Hoffaeus
1663 687 1678 709 e
1699 677 1808 718 Binga,
1830 680 1972 718 receptus
1993 676 2070 708 1555
2091 686 2110 708 a
2128 675 2160 707 S.
2177 675 2310 717 Ignatio,

1284 725 1398 763 praeter
1414 731 1545 753 munera
1562 732 1619 753 sua
1635 721 1668 753 in
1685 721 1850 760 Societate,
1870 722 1981 753 miram
2000 730 2127 762 operam
2146 729 2311 761 consump-

1285 766 1370 798 sitin
1388 766 1574 798 dedocendis
1592 766 1744 798 haereticis
1762 776 1877 798 errores
1895 776 1975 798 suos.
1999 766 2019 807 †
2033 764 2216 806 Ingolstadii
2229 773 2312 796 anno

1284 811 1388 843 aetatis
1406 811 1454 843 84.
1476 811 1563 843 1608.

1364 863 1500 895 Joannes
1518 863 1677 902 Zehender,
1704 867 1769 895 nat.
1791 863 1870 895 1564
1888 862 2116 903 Wartenbergii
2133 862 2167 893 in
2185 861 2311 901 Suevia,

1285 908 1396 940 ardens
1420 908 1562 940 minister
1585 911 1772 949 protestans,
1799 911 1872 949 post
1895 907 2128 939 conversionem
2153 906 2313 938 ardentior

1285 953 1426 985 sacerdos
1450 952 1630 991 catholicus,
1655 953 1733 984 1595
1754 952 1909 993 ingressus
1932 952 2132 990 Societatem,
2155 950 2313 982 laboravit

1285 1001 1322 1029 ut
1336 997 1548 1029 missionarius
1562 997 1595 1028 in
1611 997 1779 1029 Germania
1792 996 1988 1029 meridionali
2003 1000 2035 1028 et
2049 999 2160 1037 postea
2173 995 2206 1027 in
2222 995 2312 1027 terris

1284 1041 1467 1074 Austriacis.
1494 1041 1622 1074 Viennae
1635 1042 1654 1083 †
1668 1045 1764 1083 peste,
1780 1041 1883 1073 aetatis
1897 1051 1979 1073 anno
1994 1041 2053 1079 49„
2069 1040 2116 1072 25.
2132 1039 2207 1081 Apr.
2223 1040 2310 1072 1613.

1366 1095 1576 1127 Emmeramus
1594 1095 1713 1134 Welser,
1730 1097 1796 1127 nat.
1817 1094 1895 1126 1560
1917 1093 2084 1132 Stulfeldii,
2108 1092 2197 1125 dioec.
2219 1092 2314 1124 Salis-

1286 1139 1456 1181 burgensis,
1485 1140 1696 1171 missionarius
1726 1139 1836 1180 plenus
1870 1138 1926 1170 zeli
1960 1138 2136 1170 animarum
2168 1137 2201 1169 in
2234 1136 2314 1169 silva

1286 1184 1464 1217 Bohemica.
1485 1184 1505 1226 †
1524 1185 1571 1216 16.
1592 1184 1667 1225 Apr.
1690 1184 1779 1216 1618.

1365 1238 1502 1270 Joannes
1529 1237 1607 1270 Falla
1632 1236 1916 1279 Magdeburgensis‚
1948 1239 2014 1268 nat.
2038 1236 2125 1274 1584,
2157 1235 2313 1277 ingressus

1287 1282 1365 1314 1603
1398 1282 1541 1321 Treviris,
1575 1282 1733 1324 operarius
1767 1281 1955 1323 apostolicus
1988 1280 2053 1313 sine
2085 1279 2313 1312 intermissione

1286 1326 1524 1404 itlgmugssisbufssgg
1538 1327 1611 1359 ruri.
1649 1327 1669 1368 †
1687 1326 1858 1368 Moguntiae
1877 1335 1959 1357 anno
1979 1325 2082 1357 aetatis
2101 1325 2149 1357 43.
2170 1325 2218 1357 24.
2239 1324 2312 1366 Sep-

1366 1424 1514 1457 Nieolaus
1533 1424 1686 1463 Cusanus,
1705 1427 1771 1456 nat.
1792 1424 1819 1456 6.
1841 1424 1921 1455 Nov.
1942 1423 2029 1460 1574,
2049 1422 2205 1464 ingressus
2224 1421 2312 1460 1601,

1286 1469 1499 1501 missionarius
1538 1469 1614 1502 felix
1643 1469 1676 1501 in
1712 1468 1941 1509 Luxemburgo,
1978 1466 2192 1508 Lotharingia,
2228 1465 2312 1498 alibi.

1286 1514 1306 1556 †
1332 1514 1546 1556 Luxemburgi
1573 1514 1620 1546 20.
1648 1514 1723 1555 Apr.
1752 1513 1839 1545 1636.

1368 1567 1546 1599 Frederieus
1558 1567 1592 1598 H
1592 1566 1718 1605 unchen,
1733 1570 1827 1598 natus
1840 1565 1918 1597 1569
1932 1564 2144 1606 Magdeburgi,
2159 1564 2314 1606 ingressus

1288 1611 1375 1650 1594,
1401 1611 1613 1644 missionarius
1638 1611 1795 1643 convertit
1817 1610 1934 1642 multos
1959 1613 2097 1642 errantes
2120 1609 2154 1641 in
2178 1608 2315 1641 Saxonia

1287 1659 1320 1689 et
1344 1656 1506 1689 Bohemia.
1530 1656 1550 1698 †
1574 1656 1662 1688 1648.

1366 1709 1518 1741 Henrieus
1549 1708 1684 1748 Schaeht,
1718 1711 1783 1740 nat.
1816 1707 1945 1739 Slesvici
1976 1707 2064 1745 1585,
2097 1716 2264 1738 conversus
2295 1715 2315 1738 a

1287 1754 1538 1792 Lutheranismo‚
1573 1753 1651 1795 ingr.
1687 1753 1795 1785 Romae
1829 1753 1875 1784 10.
1910 1751 1984 1783 Feb.
2021 1751 2108 1790 1610,
2142 1750 2314 1783 Provinciae

1289 1798 1391 1831 Rheni
1404 1798 1567 1837 inferioris,
1583 1798 1750 1836 1623—24,
1766 1796 1978 1829 missionarius
1993 1795 2133 1828 occultus
2146 1795 2179 1827 in
2193 1795 2312 1834 Suecia,

1287 1843 1342 1875 ubi
1369 1843 1513 1885 proditus
1542 1847 1574 1875 et
1602 1843 1643 1874 ad
1670 1846 1805 1874 mortem
1833 1841 2012 1879 damnatus,
2042 1840 2096 1872 sed
2125 1850 2144 1871 a
2171 1839 2314 1872 Gustavo

1287 1887 1433 1930 Adolpho
1448 1897 1504 1929 pro
1520 1887 1623 1929 gratia
1638 1897 1654 1919 e
1669 1896 1763 1928 regno
1780 1886 1898 1927 ejectus
1914 1885 1985 1923 fuit,
2002 1895 2058 1926 per
2073 1885 2112 1916 24
2127 1894 2226 1916 annos
2241 1884 2314 1916 mis-

1288 1932 1457 1965 sionarium
1475 1932 1538 1974 egit
1554 1932 1587 1963 in
1604 1931 1780 1964 Germania.
1799 1931 1818 1972 †
1836 1930 2013 1970 Hamburgi
2029 1930 2056 1961 2.
2077 1929 2148 1961 Jan.
2168 1929 2256 1961 1654.

1369 1984 1543 2017 Bernardus
1565 1984 1686 2025 Loeper,
1709 1988 1775 2016 nat.
1800 1983 1847 2015 21.
1870 1982 1944 2024 Apr.
1969 1983 2057 2020 1609,
2081 1982 2236 2023 ingressus
2259 1981 2314 2014 So—

1288 2029 1435 2062 cietatem
1456 2030 1503 2062 11.
1526 2029 1611 2070 Sept.
1634 2029 1721 2067 1629,
1743 2028 1898 2070 professor
1917 2026 2012 2059 theol.
2034 2026 2159 2058 moralis
2181 2030 2213 2058 et
2233 2026 2315 2058 Exe-

1287 2084 1403 2116 geseos,
1428 2077 1540 2116 postea
1562 2083 1618 2115 per
1640 2073 1757 2105 multos
1781 2082 1879 2104 annos
1903 2071 2114 2103 missionarius
2138 2071 2221 2103 inter
2244 2080 2315 2112 pro-

1289 2122 1452 2151 testantes.
1471 2118 1491 2160 †
1508 2117 1717 2150 Paderbornae
1735 2118 1782 2150 29.
1801 2116 1876 2158 Maj.
1897 2116 1984 2148 1670.

1368 2171 1606 2213 Philippus
1638 2170 1875 2211 Jeningen,
1912 2172 1977 2201 nat.
2008 2168 2154 2210 Eystadii
2181 2168 2209 2201 5.
2241 2168 2314 2200 Jan.

1289 2217 1377 2255 1642,
1395 2215 1473 2258 ingr.
1494 2215 1542 2247 19.
1562 2215 1634 2247 Jan.
1655 2214 1742 2253 1663,
1762 2224 1834 2246 vere
1853 2213 2013 2255 apostolus
2031 2213 2205 2245 Germaniae
2223 2213 2314 2245 meri-

1289 2260 1430 2294 dionalis,
1450 2260 1470 2302 †
1488 2260 1521 2292 in
1541 2260 1634 2292 odore
1654 2259 1832 2291 sanctitatis
1852 2257 1962 2290 Elvaci
1981 2258 2009 2290 8.
2029 2257 2104 2290 Feb.
2126 2258 2214 2290 1704.

1612 2318 1650 2348 In
1666 2318 1807 2349 restituta
1828 2317 1988 2348 societate.

1369 2372 1477 2405 Petrus
1497 2372 1572 2411 Roh,
1591 2375 1658 2404 nat.
1678 2371 1726 2403 14.
1745 2369 1824 2411 Aug.
1844 2369 1931 2407 1811,
1950 2368 2028 2410 ingr.
2048 2368 2095 2400 16.
2116 2368 2202 2409 Sept.
2224 2367 2313 2407 1829,

1288 2417 1500 2449 missionarius
1519 2416 1666 2458 eloquens
1686 2418 1718 2447 et
1735 2414 1831 2446 verbo
1850 2417 1970 2455 potens,
1990 2412 2183 2454 praedicabat
2202 2413 2241 2444 20
2259 2422 2314 2444 an-

1288 2461 1337 2494 nis
1357 2461 1391 2494 in
1412 2461 1591 2494 Germania.
1614 2461 1634 2502 1·
1656 2460 1774 2492 Bonnae
1796 2459 1843 2490 17.
1866 2457 1941 2499 Maj.
1966 2458 2052 2489 1872.

1367 2516 1514 2552 Georgius
1532 2515 1644 2551 Roder,
1662 2516 1729 2545 nat.
1743 2513 1771 2545 2.
1787 2512 1861 2544 Jun.
1878 2511 1965 2549 1812,
1980 2510 2058 2552 ingr.
2072 2510 2120 2543 13.
2135 2510 2208 2543 Jun.
2225 2509 2313 2548 1843,

1289 2559 1501 2591 missionarius
1520 2558 1554 2590 in
1574 2557 1742 2591 Germania
1760 2554 1955 2588 meridionali
1975 2558 2007 2586 et
2028 2554 2068 2586 ad
2089 2555 2246 2593 Rhenum,
2266 2554 2313 2586 in-

1289 2603 1382 2645 signis
1417 2603 1575 2635 soliditate
1609 2601 1759 2634 doctrinae
1792 2604 1825 2633 et
1858 2598 2061 2641 dispositione
2094 2597 2315 2640 psychologica

1288 2647 1322 2680 in
1353 2647 1562 2686 concionibus,
1595 2647 1683 2688 cujus
1714 2644 1893 2687 eloquentia
1923 2653 2046 2676 omnem
2062 2643 2211 2675 vincebat
2240 2642 2314 2674 resi-

1289 2692 1448 2725 stentiam.
1478 2692 1498 2734 †
1527 2690 1716 2723 Feldkirchii
1744 2691 1792 2723 22.
1823 2690 1897 2721 Dec.
1929 2688 2016 2720 1887.

1548 2751 1770 2785 Bohemia.
1815 2749 2056 2791 flung-aria.

1368 2809 1507 2841 Mathias
1535 2808 1659 2841 Burnaz
1685 2807 1862 2846 Silesianus,
1891 2817 1988 2839 annos
2015 2806 2052 2838 22
2079 2808 2173 2837 natus
2200 2805 2314 2836 Brunae

1290 2854 1368 2885 1589
1384 2853 1549 2895 ingressus,
1569 2852 1815 2885 concionabatur
1831 2855 1868 2883 ut
1884 2850 2095 2883 missionarius
2113 2860 2184 2882 cum
2200 2858 2314 2890 magno

1289 2907 1433 2930 successu
1453 2897 1486 2930 in
1508 2897 1660 2929 Bohemia
1679 2900 1712 2929 et
1733 2896 1772 2928 ab
1794 2895 1935 2938 agricolis
1955 2894 2107 2927 haereticis
2129 2894 2245 2926 occisus
2267 2896 2315 2925 est

1288 2942 1321 2974 in
1341 2942 1449 2974 odium
1468 2941 1544 2974 fidei
1564 2942 1591 2974 9.
1613 2942 1692 2983 Aug.
1714 2941 1801 2973 1629.

1367 2994 1507 3027 Albertus
1521 2994 1702 3026 Ohanowski
1714 2993 1881 3032 Bohemus,
1896 2993 2009 3024 Brunae
2021 2976 2175 3033 ingressus
2188 2991 2236 3023 31.
2248 2989 2312 3022 Jul.

1289 3039 1376 3072 1601.
1406 3039 1522 3071 Rector
1535 3042 1568 3071 et
1580 3038 1736 3080 professor
1748 3038 1782 3070 in
1796 3037 1925 3070 diversis
1939 3036 2090 3078 Collegiis,
2106 3035 2177 3067 dein
2191 3035 2314 3067 fervens

1773 3127 1833 3159 608
