2372 3550
800 286 918 316 Summi
939 285 1115 320 Pontifices,

263 308 399 338 Historia
420 308 677 345 contemporanea
787 330 913 359 Litterae
935 329 1123 366 Apostolieae

1199 285 1362 320 Praepositi
1382 285 1413 314 et
1433 285 1688 321 congregationes

1362 329 1524 359 Generales

770 479 854 511 1591.
880 479 927 511 28.
946 478 1020 510 Jun.
1046 478 1142 509 Eecle·
1175 478 1371 510 1591—1592
1394 478 1531 510 Libellus
1554 482 1709 510 correctus

788 524 843 556 sioe
855 523 1018 555 catholicoe:
1032 526 1144 553 Institu-

791 570 859 598 tum,
876 575 982 598 nomen,
1004 566 1073 593 ratio
1097 575 1144 601 gu-

791 603 922 630 bernandi
940 602 1001 634 alia,
1017 610 1075 637 quae
1093 602 1142 628 im-

791 640 912 674 pugnata
936 640 1021 670 erant,
1049 638 1144 665 confir-

791 676 908 702 mantur.

194 748 270 779 1592
285 748 511 790 Sigismundus,
528 748 549 779 J
551 747 659 779 oannis
676 747 735 779 III.

1196 523 1233 554 de
1251 523 1366 555 ratione
1384 522 1553 554 studiorum
1570 523 1711 555 mittitur

1196 567 1348 599 universae
1371 567 1531 606 Societaffl,
1555 571 1592 599 ut
1614 567 1711 599 intro-

1196 612 1330 644 ducatur
1358 612 1424 644 haec
1453 612 1572 653 praxis:
1604 611 1712 644 deerat

1197 656 1356 695 „delectus
1379 655 1582 698 opinionum“
1605 660 1663 688 etc.

1178 745 1263 777 1592.
1293 745 1340 777 15.
1370 745 1433 777 Jul.
1464 745 1634 777 Instructio
1662 756 1711 777 ac-

212 792 306 831 filius,
330 796 362 824 et
382 802 437 824 rex
458 792 595 824 Poloniae
616 792 737 832 (catho-
770 800 817 831 30,
828 798 1046 840 AugEoepom·
1057 798 1153 830 nobis:
1197 790 1332 822 curatior
1371 790 1409 822 de
1440 790 1487 821 3.⁰
1517 790 1711 831 probationis

212 837 311 878 licus),
331 837 515 868 haereditate
535 836 673 878 possidet
692 846 737 867 re-

212 891 308 923 gnum
324 881 449 914 Sueeioe.
812 916 817 920 Ι
835 915 840 920 .
897 915 902 920 ,
1073 914 1078 919 ,
1127 915 1132 919 ,

791 917 872 942 Vitios
894 916 973 949 Juxta
988 915 1144 941 Constituti-

792 959 855 978 ones
873 950 1042 977 admittendi.

195 1015 286 1046 Nova
307 1014 403 1047 editio
425 1014 577 1056 Vulgatae.

770 1124 845 1154 1591
869 1122 1067 1152 Innocentius
1088 1122 1142 1152 IX.

769 1257 966 1288 1592—1605
1005 1256 1142 1285 Clemens

194 1326 270 1358 1593
281 1326 434 1359 Henrieus
445 1327 498 1359 IV.
509 1326 549 1359 fit.
559 1327 738 1359 catholicus.
788 1301 870 1332 vm'

769 1434 855 1465 1592.
881 1434 928 1465 12.
953 1433 1038 1474 Sept.
1065 1432 1142 1464 Cum

788 1478 864 1509 sient
879 1478 1058 1518 accepimns:
1079 1481 1142 1507 Uni-

791 1522 925 1549 versitatis
950 1522 1094 1548 Graecensis
1116 1522 1141 1548 S.

791 1559 816 1585 J.
858 1558 955 1584 rectori
989 1557 1143 1584 conceditur

788 1594 895 1620 licentia
912 1602 993 1620 unum
1007 1601 1040 1619 ex
1059 1592 1145 1626 publi-

195 1638 271 1669 1593
286 1638 512 1679 Approbantur
527 1639 635 1671 Clerici
649 1650 737 1681 regu-

213 1682 291 1714 lares
305 1683 414 1715 Matris
424 1684 492 1722 Dei,
510 1684 587 1715 1621
603 1687 640 1716 ut
654 1684 737 1716 Ordo

213 1727 372 1769 religiosus
404 1728 583 1769 (fundatore
615 1728 651 1760 B.
684 1729 737 1760 Jo-

214 1782 294 1804 anne
328 1772 483 1804 Leonardi
517 1773 537 1814 †
571 1773 662 1815 1609)
697 1774 737 1805 ad
792 1773 814 1798 4.
836 1772 913 1799 Mart.
933 1772 1020 1805 1594.)

213 1826 324 1857 pueros
345 1826 496 1859 pauperes
517 1817 735 1850 instituendos.

792 1665 899 1692 alterius
923 1665 1041 1691 dioecesis
1064 1665 1143 1690 semel

793 1701 835 1727 vel
864 1701 959 1736 pluries
987 1700 1140 1735 deputandi.

770 2031 856 2063 1593.
894 2031 941 2062 29.
972 2030 1045 2062 Mai.
1085 2030 1142 2062 Re-

786 2075 947 2115 ferentibus
969 2074 1066 2107 nobis:
1109 2078 1142 2104 In

790 2119 984 2153 Transylvania
1014 2119 1101 2145 tribus
1128 2127 1142 2145 e

790 2155 815 2182 S.
830 2156 855 2182 J.
879 2157 906 2181 et
926 2155 1013 2181 tribus
1032 2154 1090 2181 aliis
1109 2162 1142 2180 ex

790 2199 821 2217 ea
832 2191 970 2225 provincia
981 2190 1142 2225 presbyteris

790 2235 806 2253 a
817 2227 956 2261 Superiore
968 2226 994 2253 S.
1007 2226 1033 2253 J.
1047 2234 1141 2261 appro-

789 2262 885 2289 bandis
924 2262 959 2289 ad
996 2262 1142 2288 triennium

789 2298 944 2325 conceditur
968 2297 1078 2324 licentia
1103 2297 1142 2324 bi-

788 2334 872 2360 nandi
890 2334 983 2360 diebus
1003 2333 1141 2360 dominicis

789 2371 818 2396 et
830 2369 914 2401 festis,
930 2370 1039 2404 urgente
1053 2377 1141 2396 neces-

789 2406 878 2432 sitate.

196 2793 273 2825 1595
293 2793 313 2835 †
332 2794 362 2826 S.
384 2794 546 2837 Philippus
566 2796 686 2829 Nerius.
768 2795 854 2828 1595.
872 2796 919 2828 14.
936 2796 1011 2828 Jun.
1030 2795 1139 2827 Roma-

786 2850 845 2872 nus
877 2840 1031 2879 Pontifem:
1059 2843 1139 2870 inter-

790 2884 888 2910 dicitur
920 2883 1049 2910 Societati
1077 2891 1140 2910 usus

789 2919 868 2946 bullae
873 2919 1001 2946 Cruciatae
1009 2919 1098 2954 quoad
1106 2919 1150 2946 eli-

789 2955 905 2989 gendum
912 2954 1101 2982 confessarium
1112 2956 1140 2982 et

790 2990 965 3017 obtinendam
995 2990 1140 3018 absolutio-

789 3034 851 3053 nem
864 3034 881 3053 a.
891 3026 1041 3054 reservatis.

443 3106 502 3139 106
925 3106 983 3138 107

792 844 943 870 restituitur
967 845 995 869 et
1018 843 1050 869 de
1073 851 1144 869 novo
1197 845 1288 866 anno.

792 879 1080 906 ⁰⁰1102ditu1fassult³⁵
1098 887 1145 905 110-
1171 887 1231 914 —Sub
1252 888 1386 914 Clemente
1407 887 1483 914 vin.
1511 887 1644 922 oppositio
1673 887 1712 913 hi-

1199 931 1284 957 spana
1296 922 1466 957 Aquavivam
1480 923 1642 949 Generalatu
1660 923 1712 957 pri-

1198 967 1261 985 vare
1279 959 1434 985 conabatur.
1456 959 1589 993 ,Iosephus
1604 959 1711 990 Acesta,

1199 995 1246 1028 qui
1259 995 1384 1021 visitator
1396 995 1493 1025 fuerat,
1507 1002 1595 1029 regem
1610 1002 1712 1029 permo-

1199 1031 1249 1062 vit,
1277 1032 1309 1057 ut
1333 1031 1422 1065 ipsum
1448 1030 1570 1057 mitteret
1596 1030 1711 1056 Romam

1198 1066 1347 1100 petiturum
1358 1066 1594 1101 Congregationem
1605 1074 1712 1101 genera-

1197 1102 1249 1128 lem
1262 1110 1278 1128 a
1288 1102 1428 1129 Pontifice.
1457 1102 1494 1128 Et
1504 1102 1622 1128 Clemens
1634 1102 1710 1128 VIII.

1197 1146 1288 1178 mense
1301 1137 1443 1164 Decembri
1464 1138 1531 1164 1592
1552 1137 1632 1172 jussit
1653 1146 1711 1164 eam

1198 1182 1262 1208 cogn

1174 1326 1202 1357 3.
1220 1325 1300 1357 Nov.
1319 1325 1396 1356 1593
1415 1343 1454 1347 —-
1474 1325 1521 1356 18.
1539 1324 1611 1356 Jan.
1632 1324 1710 1356 1594

1195 1369 1398 1411 Congregatio
1423 1369 1459 1401 V.
1483 1368 1635 1410 generalis
1658 1369 1709 1410 (63

1195 1414 1337 1455 professi)
1363 1413 1545 1446 Generalem
1571 1413 1709 1455 Aquavi-

1195 1469 1278 1497 vam,
1301 1458 1518 1500 disquisitione
1541 1468 1635 1499 quam
1657 1468 1709 1499 pe-

1196 1503 1290 1535 tierat
1307 1503 1465 1541 instituta,
1483 1503 1639 1544 integrum
1658 1503 1709 1534 de-

1195 1548 1294 1579 clarat
1304 1551 1336 1579 et
1348 1548 1380 1579 in
1394 1557 1521 1579 munere
1532 1547 1707 1579 confirmat.

792 1630 827 1656 cis
860 1629 968 1655 notariis
1002 1629 1071 1655 illius
1101 1629 1143 1655 vel
1176 1637 1362 1670 Decreta
1391 1637 1438 1669 v·
1470 1635 1709 1678 (jongrega.

1197 1681 1332 1713 tionis
1342 1689 1350 1712 :

792 1736 864 1769 (Alia
889 1736 980 1763 Similis
1012 1735 1142 1763 oOlwssSSiO
1175 1743 1198 1768 1.
1218 1742 1250 1768 de
1267 1742 1290 1768 4.
1309 1743 1372 1768 voto
1390 1741 1621 1772 scholasticorum;

1175 1796 1198 1821 2.
1217 1795 1353 1821 biennium
1389 1793 1538 1820 novitiatus
1575 1793 1709 1820 Generalis

1218 1830 1373 1857 abbreviare
1391 1829 1486 1864 nequit
1509 1829 1544 1855 ad
1564 1831 1631 1855 vota
1648 1829 1709 1855 sim-

1217 1866 1297 1901 plicia
1305 1865 1497 1900 nuncupanda;
1508 1865 1638 1891 beneficia
1647 1867 1710 1892 ante

1217 1904 1283 1928 vota
1303 1901 1434 1936 simplicia
1453 1901 1632 1935 resignentur;

1174 1954 1197 1981 3.
1216 1954 1311 1989 regulae
1329 1962 1376 1989 pro
1394 1954 1488 1980 delectu
1504 1953 1671 1987 opinionum,-

1173 2007 1197 2033 4.
1217 2006 1366 2033 communio
1385 2006 1515 2033 bonorum
1530 2006 1709 2041 spiritualium

1219 2051 1280 2069 cum
1292 2042 1487 2074 Carthusianis3

1174 2095 1198 2122 5.
1216 2095 1320 2121 nullum
1335 2097 1437 2121 certum
1452 2097 1557 2130 tempus
1573 2096 1708 2130 assignan-

1218 2131 1281 2157 dum
1312 2131 1405 2166 Congr.
1445 2131 1568 2165 generali,
1607 2132 1712 2158 muneri

1216 2167 1387 2201 Superiorum
1397 2166 1530 2199 localium,
1540 2167 1707 2202 proiessioni;

1174 2220 1197 2247 6.
1216 2228 1274 2254 quae
1296 2219 1450 2254 pertineant
1471 2219 1505 2246 ad
1526 2220 1708 2247 substantialia

1215 2255 1348 2288 Instituti:

1174 2309 1197 2335 7.
1217 2308 1288 2342 origo
1311 2316 1344 2334 ex
1359 2307 1533 2334 Hebraeorum
1555 2309 1583 2334 et
1601 2308 1708 2335 Sarace-

1216 2352 1312 2370 norum
1324 2351 1418 2378 genere
1442 2343 1501 2378 (VI.
1516 2344 1610 2378 Congr.
1623 2351 1707 2378 usque

1218 2379 1252 2405 ad
1271 2380 1295 2406 5.
1315 2379 1427 2414 gradum
1446 2379 1519 2414 incl.)
1539 2381 1580 2406 est
1597 2379 1707 2414 impedi-

1215 2416 1336 2441 mentum
1362 2415 1580 2449 indispensabile;

1172 2468 1197 2495 8.
1215 2467 1409 2494 AssistentibuS

1217 2512 1272 2530 non
1289 2503 1431 2538 competit;

1174 2557 1198 2583 9.
1217 2556 1334 2618 pptlevnda
1350 2556 1522 2618 9²9⁰}izaffi‘2.
1534 2556 1590 2582 BB.
1609 2555 1708 2591 Ignatii

1217 2600 1231 2618 e
1284 2600 1396 2619 rancisci
1441 2600 1531 2619 avem.

1438 2469 1532 2494 votum
1561 2467 1706 2494 decisivum

1173 2760 1259 2793 1594.
1283 2761 1310 2793 1.
1334 2761 1413 2802 Aug.
1439 2760 1551 2801 Epist:
1586 2764 1626 2791 De
1654 2763 1704 2791 fer-

1193 2813 1256 2831 vore
1269 2806 1297 2832 et
1309 2805 1364 2831 zelo
1376 2805 1539 2831 missionum.

1406 3105 1464 3137 108

1901 308 2002 344 Italia,
2022 308 2120 338 Gallia

1743 435 1831 466 1590.
1849 435 1896 467 23.
1912 435 1997 476 Sept.
2015 435 2035 477 †
2051 436 2116 467 Nic.
2129 436 2288 467 Bobadilla

1762 479 1899 518 Lauren,
1920 479 2050 512 ultimus
2073 490 2088 511 e
2109 479 2216 521 primis
2238 480 2285 512 10.

1745 745 1892 779 Postquam
1907 745 2038 771 Henricus
2055 745 2106 772 111.
2123 745 2169 779 qui
2183 753 2210 771 se
2225 745 2290 772 fidei

1767 780 1876 807 Hemici
1904 781 1949 807 IV.
1979 781 2156 813 commiserat,
2185 789 2202 807 a
2229 782 2287 808 Jac.

1767 816 1901 842 Clemente
1933 816 2033 843 occisus
2065 818 2114 848 est,
2145 816 2226 843 multi
2255 825 2289 843 ex

1765 852 1902 878 foederatis
1946 852 2117 886 parricidium
2158 852 2289 887 approba-

1766 889 1837 914 runt.
1867 887 1934 913 Tum
1958 888 2124 914 Universitas
2135 888 2289 915 Parisiensis

1767 923 1872 957 culpam
1885 923 2011 950 doctrinae
2031 923 2063 950 de
2081 924 2154 950 licito
2171 924 2289 958 tyranni-

1766 958 1834 985 cidio
1859 958 1889 985 in
1916 959 2020 986 odiosos
2047 959 2165 986 Jesuitas
2192 961 2290 986 conata

1766 996 1808 1021 est
1838 995 1964 1026 conferre,
1996 995 2046 1021 etsi
2076 995 2132 1029 ipse
2163 995 2288 1022 Claudius

1766 1030 1910 1057 Matthaeus
1924 1031 1978 1057 tale
1991 1030 2145 1065 regicidium
2158 1031 2226 1058 1583
2239 1031 2289 1057 illi-

1766 1066 1850 1093 citum
1877 1066 2067 1093 declaraverat.

1743 1325 1830 1357 1593.
1849 1326 1876 1356 6.
1894 1324 1985 1357 Febr.
2003 1325 2038 1357 P.
2056 1325 2189 1357 Jacobus
2205 1325 2288 1357 Sale-

1761 1369 1827 1401 sius
1854 1373 1886 1402 et
1913 1369 2078 1411 coadjutor
2096 1369 2166 1402 Gul.
2187 1369 2288 1402 Salta-

1762 1414 1901 1446 mochius
1916 1414 1956 1446 ab
1970 1414 2123 1446 haereticis
2137 1414 2288 1446 Albenaci

1761 1459 1995 1491 interficiuntur
2016 1459 2049 1490 in
2073 1459 2179 1491 odium
2202 1458 2285 1491 fidei.

1743 1636 1819 1668 1593
1833 1637 1986 1668 Hernicus
2001 1637 2053 1669 IV.
2068 1637 2288 1669 intercedenti-

1762 1681 1820 1713 bus
1856 1681 2019 1713 Possevino
2053 1684 2086 1713 et
2123 1681 2232 1720 Toleto,
2269 1691 2288 1713 a

1760 1726 1849 1767 Papa
1884 1725 2046 1758 absolutus
2072 1725 2142 1758 fuit.
2180 1729 2232 1763 Qui
2259 1730 2288 1756 in

1762 1778 1842 1805 regno
1870 1770 1954 1805 magis
1982 1770 2155 1796 confirmatus
2172 1770 2288 1797 Societa-

1763 1807 1819 1832 tem
1858 1814 1906 1840 pro
1942 1805 2043 1832 vin'bus
2077 1806 2196 1832 fovebat.
2251 1805 2289 1833 At

1766 1849 1827 1868 cum
1857 1842 1925 1868 1594
1972 1841 2015 1868 .Ιο.
2051 1841 2212 1873 Chastelius,
2243 1841 2290 1876 qui

1762 1877 1889 1904 lectiones
1917 1877 2039 1903 audierat
2061 1876 2133 1911 apud
2160 1877 2288 1909 Jesuitas,

1763 1921 1856 1939 necem
1885 1912 1953 1947 regis
1981 1914 2138 1944 attentaret,
2160 1913 2204 1939 .Ιο.
2223 1912 2288 1939 Gui-

1763 1949 1877 1982 9nardus
1888 1948 1917 1975 S.
1930 1948 1951 1975 J
1953 1969 1968 1979 .‚
1980 1948 2153 1982 quantumvis
2162 1948 2288 1975 innocens

1764 1984 1798 2011 ab
1830 1984 1888 2019 ipso
1921 1984 2002 2011 etiam
2034 1992 2094 2018 rege
2127 1984 2285 2016 declaratus,

1764 2021 1904 2046 accusatus
1917 2021 1949 2046 ut
1961 2020 2091 2054 complex,
2105 2019 2200 2054 capitis
2213 2019 2287 2046 dam-

1763 2057 1843 2082 natus
1860 2057 1888 2082 et
1903 2055 1932 2081 in
1948 2055 2070 2090 patibulo
2087 2063 2229 2090 suspensus
2246 2057 2288 2082 est

1764 2092 1787 2119 7.
1804 2092 1865 2118 Jan.
1881 2091 1957 2118 1595.
1990 2091 2028 2117 Et
2042 2091 2148 2117 decreto
2163 2091 2204 2118 29.
2221 2090 2286 2118 Dec.

1764 2127 1831 2153 1594
1860 2135 1877 2153 a
1905 2126 2075 2153 Parlamento
2104 2126 2178 2153 facto
2207 2126 2287 2161 pelle—

1762 2163 1863 2189 bantur
1881 2162 1991 2189 Jesuitae
2011 2162 2121 2189 Lutetia
2140 2163 2168 2189 et
2187 2170 2220 2188 ex
2240 2162 2287 2189 811-

1762 2200 1830 2232 quot
1848 2198 1905 2224 aliis
1923 2198 2034 2224 urbibus
2053 2205 2197 2232 eorumque
2215 2197 2287 2224 bona

1761 2234 1827 2261 fisco
1851 2233 2078 2265 attribuebantur,
2102 2233 2168 2268 quin
2190 2233 2247 2260 haec
2270 2241 2287 2260 a

1761 2278 1822 2305 rege
1840 2271 1950 2304 possent
1966 2269 2097 2304 impediri.

1740 2439 1777 2471 Iu
1808 2441 1857 2471 Pr.
1889 2438 2066 2479 Aquitaniae
2101 2447 2175 2470 vero
2207 2436 2287 2470 nihil

1758 2483 1854 2516 Sociis
1875 2483 2000 2516 illatum
2023 2486 2071 2515 est
2093 2481 2284 2515 detrimenti.

1739 2661 1826 2693 1593.
1848 2661 1896 2693 17.
1918 2661 2004 2702 Sept.
2028 2660 2138 2692 Franc.
2163 2659 2283 2691 Toletus

1758 2708 1881 2738 creatur
1932 2703 2114 2742 Cardinalis,
2164 2703 2284 2745 primus

1757 2750 1839 2782 inter
1870 2749 2019 2782 Jesuitas.
2061 2751 2113 2786 Qui
2136 2751 2196 2778 dein
2224 2758 2285 2778 cum

1759 2794 1777 2821 J
1779 2802 1815 2820 os.
1825 2793 1925 2820 Acosta
1940 2794 1968 2820 et
1983 2792 2041 2819 aliis
2053 2791 2194 2819 rebellibus
2203 2791 2286 2819 Sociis

1758 2829 1878 2864 hispanis
1909 2828 2071 2863 conspiravit
2104 2829 2132 2854 et
2168 2827 2285 2854 Clemen-

1758 2865 1794 2891 tis
1813 2864 1889 2892 VIII.-
1903 2864 2022 2891 animum
2040 2863 2139 2890 avertit
2151 2862 2184 2889 ab
2195 2863 2284 2897 Aqua-

1759 2901 1869 2970 viva)et
1886 2899 2016 2926 Instituto
2033 2899 2058 2926 S.
2073 2899 2099 2926 J.
2116 2898 2144 2933 (†
2161 2898 2202 2925 14.
2210 2898 2283 2933 Sept.

1970 3102 2029 3135 109
